
@inproceedings{roy09runtime,
  title={A runtime system for software lock elision},
  author={Roy, Amitabha and Hand, Steven and Harris, Tim},
  booktitle=eurosys,
  year={2009},
  month = mar,
}

@inproceedings{bessani11depsky,
  ids={depsky:eurosys11},
  author = {Bessani, Alysson and Correia, Miguel and Quaresma, Bruno and Andr{\'e}, Fernando and Sousa, Paulo},
  title = {DepSky: dependable and secure storage in a cloud-of-clouds},
  booktitle = eurosys,
  year = {2011},
  month = apr,
}

@inproceedings{kraska13mdcc,
  ids={mdcc:eurosys13},
  title={{MDCC: Multi-data center consistency}},
  author={Kraska, Tim and Pang, Gene and Franklin, Michael J and Madden, Samuel and Fekete, Alan},
  booktitle = eurosys,
  year={2013},
  month = apr,
}

@inproceedings{guo14rex,
  title={Rex: Replication at the speed of multi-core},
  author={Guo, Zhenyu and Hong, Chuntao and Yang, Mao and Zhou, Dong and Zhou, Lidong and Zhuang, Li},
  booktitle = eurosys,
  year = {2014},
  month = apr,
}

@inproceedings{herman16type,
  title = {Type-aware transactions for faster concurrent code},
  author = {Herman, Nathaniel and Inala, Jeevana Priya and Huang, Yihe and Tsai, Lillian and Kohler, Eddie and Liskov, Barbara and Shrira, Liuba},
  booktitle = eurosys,
  year = {2016},
  month = apr,
}

@inproceedings{bravo17saturn,
  author = {Bravo, Manuel and Rodrigues, Lu\'{\i}s and Van Roy, Peter},
  title = {Saturn: A distributed metadata service for causal consistency},
  booktitle = eurosys,
  year = {2017},
  month = apr, 
} 
