
@article{papadimitriou79serializability,
 author = {Christos H. Papadimitriou},
 title = {The serializability of concurrent database updates},
 journal = jacm,
 volume = {26},
 number = {4},
 year = 1979,
 month = otc,
}

@article{fischer85impossibility,
  title={Impossibility of distributed consensus with one faulty process},
  author={Fischer, Michael J and Lynch, Nancy A and Paterson, Michael S},
  journal= jacm,
  volume={32},
  number={2},
  year={1985},
  month = apr,
}

@article{chandra96unreliable,
 author = {Chandra, Tushar Deepak and Toueg, Sam},
 title = {Unreliable Failure Detectors for Reliable Distributed Systems},
 journal = jacm,
 volume = {43},
 number = {2},
 month = mar,
 year = {1996},
} 

@article{chandra96weakest,
  title = {The weakest failure detector for solving consensus},
  author = {Chandra, Tushar Deepak and Hadzilacos, Vassos and Toueg, Sam},
  journal = jacm,
  volume = {43},
  number = {4},
  year = {1996},
  month=jul,
}
