
@inproceedings{haeberlen05glacier,
  ids={glacier:nsdi05},
  title={Glacier: Highly durable, decentralized storage despite massive correlated failures},
  author={Haeberlen, Andreas and Mislove, Alan and Druschel, Peter},
  booktitle=nsdi,
  year={2005},
  month = may,
}

@inproceedings{bolosky11paxos,
  ids={gaios:nsdi11},
  title={{Paxos replicated state machines as the basis of a high-performance data store}},
  author={Bolosky, William J and Bradshaw, Dexter and Haagens, Randolph B and Kusters, Norbert P and Li, Peng},
  booktitle=nsdi,
  year={2011},
  month = mar,
}

@inproceedings{lloyd13stronger,
  ids={eiger:nsdi13},
  title={{Stronger semantics for low-latency geo-replicated storage}},
  author={Lloyd, Wyatt and Freedman, Michael J and Kaminsky, Michael and Andersen, David G},
  booktitle=nsdi,
  year={2013},
  month = apr
}

@inproceedings{ports15designing,
  ids = {specpaxos:nsdi15},
  title = {Designing distributed systems using approximate synchrony in data center networks},
  author = {Ports, Dan RK and Li, Jialin and Liu, Vincent and Sharma, Naveen Kr and Krishnamurthy, Arvind},
  booktitle=nsdi,
  year = {2015},
  month = may,
}
