

@inproceedings{boehm05threads,
  title={Threads cannot be implemented as a library},
  author={Boehm, Hans-J.},
  booktitle=pldi,
  year={2005},
  month = jun,
}

@inproceedings{adl06compiler,
  author = {Adl-Tabatabai, Ali-Reza and Lewis, Brian T. and Menon, Vijay and Murphy, Brian R. and Saha, Bratin and Shpeisman, Tatiana},
  title = {Compiler and runtime support for efficient software transactional memory},
  booktitle = pldi,
  year = {2006},
  month = jun, 
} 

@inproceedings{spiegelman16transactional,
  title={Transactional data structure libraries},
  author={Spiegelman, Alexander and Golan-Gueta, Guy and Keidar, Idit},
  booktitle=pldi,
  year={2016},
  month = jun, 
}

