@inproceedings{chubby,
  author = {Burrows, Michael},
  title = {The Chubby Lock Service for Loosely-Coupled Distributed Systems},
  booktitle = {OSDI},
  year = {2006},
  pages = {335-350},
  ee = {http://www.usenix.org/events/osdi06/tech/burrows.html},
  crossref = {DBLP:conf/osdi/2006},
  bibsource = {DBLP, http://dblp.uni-trier.de}
}
@inproceedings{bigtable,
  author = {Chang, Fay and Dean, Jeffrey and Ghemawat, Sanjay and Hsieh, Wilson C. and Wallach, Deborah A. and Burrows, Michael and Chandra, Tushar and Fikes, Andrew and Gruber, Robert},
  title = {Bigtable: A Distributed Storage System for Structured Data (Awarded Best Paper!)},
  booktitle = {OSDI},
  year = {2006},
  pages = {205-218},
  ee = {http://www.usenix.org/events/osdi06/tech/chang.html},
  crossref = {DBLP:conf/osdi/2006},
  bibsource = {DBLP, http://dblp.uni-trier.de}
}

@inproceedings{megastore,
  author = {Baker, Jason and Bond, Chris and Corbett, James C. and Furman, J. J. and Khorlin, Andrey and Larson, James and Leon, Jean-Michel and Li, Yawei and Lloyd, Alexander and Yushprakh, Vadim},
  title = {Megastore: Providing Scalable, Highly Available Storage for Interactive Services},
  booktitle = {CIDR},
  year = {2011},
  pages = {223-234},
  ee = {http://www.cidrdb.org/cidr2011/Papers/CIDR11_Paper32.pdf},
  crossref = {DBLP:conf/cidr/2011},
  bibsource = {DBLP, http://dblp.uni-trier.de}
}
@article{Spanner,
  author = {Corbett, James C. and Dean, Jeffrey and Epstein, Michael and Fikes, Andrew and Frost, Christopher and Furman, J. J. and Ghemawat, Sanjay and Gubarev, Andrey and Heiser, Christopher and Hochschild, Peter and Hsieh, Wilson C. and Kanthak, Sebastian and Kogan, Eugene and Li, Hongyi and Lloyd, Alexander and Melnik, Sergey and Mwaura, David and Nagle, David and Quinlan, Sean and Rao, Rajesh and Rolig, Lindsay and Saito, Yasushi and Szymaniak, Michal and Taylor, Christopher and Wang, Ruth and Woodford, Dale},
  title = {Spanner: Google's Globally Distributed Database},
  journal = {ACM Trans. Comput. Syst.},
  volume = {31},
  number = {3},
  year = {2013},
  pages = {8},
  ee = {http://doi.acm.org/10.1145/2491245},
  bibsource = {DBLP, http://dblp.uni-trier.de}
}
@inproceedings{cosbench,
  author = {Zheng, Qing and Chen, Haopeng and Wang, Yaguang and Zhang, Jian and Duan, Jiangang},
  title = {COSBench: cloud object storage benchmark},
  booktitle = {ICPE},
  year = {2013},
  pages = {199-210},
  ee = {http://doi.acm.org/10.1145/2479871.2479900},
  crossref = {DBLP:conf/wosp/2013},
  bibsource = {DBLP, http://dblp.uni-trier.de}
}
@inproceedings{StateMachineApproachTutorial,
  author = {Schneider, Fred B.},
  title = {The State Machine Approach: A Tutorial},
  booktitle = {Fault-Tolerant Distributed Computing},
  year = {1986},
  pages = {18-41},
  ee = {http://dx.doi.org/10.1007/BFb0042323},
  crossref = {DBLP:conf/ftdc/1986},
  bibsource = {DBLP, http://dblp.uni-trier.de}
}
@inproceedings{sinfonia,
  author = {Aguilera, Marcos Kawazoe and Merchant, Arif and Shah, Mehul A. and Veitch, Alistair C. and Karamanolis, Christos T.},
  title = {Sinfonia: a new paradigm for building scalable distributed systems},
  booktitle = {SOSP},
  year = {2007},
  pages = {159-174},
  ee = {http://doi.acm.org/10.1145/1294261.1294278},
  crossref = {DBLP:conf/sosp/2007},
  bibsource = {DBLP, http://dblp.uni-trier.de}
}

@inproceedings{Mencius,
  author = {Mao, Yanhua and Junqueira, Flavio Paiva and Marzullo, Keith},
  title = {Mencius: Building Efficient Replicated State Machine for WANs},
  booktitle = {OSDI},
  year = {2008},
  pages = {369-384},
  ee = {http://www.usenix.org/events/osdi08/tech/full_papers/mao/mao.pdf},
  crossref = {DBLP:conf/osdi/2008},
  bibsource = {DBLP, http://dblp.uni-trier.de}
}
@article{PaxosMadeSimple,
  title = {Paxos made simple},
  author = {Lamport, Leslie},
  journal = {ACM Sigact News},
  volume = {32},
  number = {4},
  pages = {18--25},
  year = {2001}
}
@inproceedings{zookeeper,
  title = {ZooKeeper: wait-free coordination for internet-scale systems},
  author = {Hunt, Patrick and Konar, Mahadev and Junqueira, Flavio P and Reed, Benjamin},
  booktitle = {Proceedings of the 2010 USENIX conference on USENIX annual technical conference},
  volume = {8},
  pages = {11--11},
  year = {2010}
}
@book{DistributedAlgorithms,
  title = {Distributed algorithms},
  author = {Lynch, Nancy A},
  year = {1996},
  publisher = {Morgan Kaufmann}
}
@inproceedings{Gaios,
  title = {Paxos replicated state machines as the basis of a high-performance data store},
  author = {Bolosky, William J and Bradshaw, Dexter and Haagens, Randolph B and Kusters, Norbert P and Li, Peng},
  booktitle = {Proceedings of the 8th USENIX conference on Networked systems design and implementation},
  pages = {11--11},
  year = {2011},
  organization = {USENIX Association}
}
@inproceedings{PaxosMadeLive,
  author = {Chandra, Tushar Deepak and Griesemer, Robert and Redstone, Joshua},
  title = {Paxos made live: an engineering perspective},
  booktitle = {PODC},
  year = {2007},
  pages = {398-407},
  ee = {http://doi.acm.org/10.1145/1281100.1281103},
  crossref = {DBLP:conf/podc/2007},
  bibsource = {DBLP, http://dblp.uni-trier.de}
}
@inproceedings{GoogleFileSystem,
  author = {Ghemawat, Sanjay and Gobioff, Howard and Leung, Shun-Tak},
  title = {The Google file system},
  booktitle = {SOSP},
  year = {2003},
  pages = {29-43},
  ee = {http://doi.acm.org/10.1145/945445.945450},
  crossref = {DBLP:conf/sosp/2003},
  bibsource = {DBLP, http://dblp.uni-trier.de}
}
@inproceedings{EPaxos,
  title = {There is more consensus in Egalitarian parliaments},
  author = {Moraru, Iulian and Andersen, David G and Kaminsky, Michael},
  booktitle = {Proceedings of the Twenty-Fourth ACM Symposium on Operating Systems Principles},
  pages = {358--372},
  year = {2013},
  organization = {ACM}
}

@article{FastPaxos,
  author = {Lamport, Leslie},
  title = {Fast Paxos},
  journal = {Distributed Computing},
  volume = {19},
  number = {2},
  year = {2006},
  pages = {79-103},
  ee = {http://dx.doi.org/10.1007/s00446-006-0005-x},
  bibsource = {DBLP, http://dblp.uni-trier.de}
}

@article{GeneralizedPaxos,
      title={Generalized Consensus and Paxos},
        author={Lamport, Leslie},
          year={2004}
}

@article{Zfec,
  title={Zfec 1.4. 0},
  author={WILCOX-OHEARN, Z},
  journal={Open source code distribution: http://pypi. python. org/pypi/zfec},
  year={2008}
}

@inproceedings{ErasureCodeEvaluation,
  title={A Performance Evaluation and Examination of Open-Source Erasure Coding Libraries for Storage.},
  author={Plank, James S and Luo, Jianqiang and Schuman, Catherine D and Xu, Lihao and Wilcox-O'Hearn, Zooko and others},
  booktitle={FAST},
  volume={9},
  pages={253--265},
  year={2009}
}

@inproceedings{ZookeeperAtomicBroadcast,
  title={Zab: High-performance broadcast for primary-backup systems},
  author={Junqueira, Flavio Paiva and Reed, Benjamin C and Serafini, Marco},
  booktitle={Dependable Systems \& Networks (DSN), 2011 IEEE/IFIP 41st International Conference on},
  pages={245--256},
  year={2011},
  organization={IEEE}
}

@article{ParttimeParliment,
  title={The part-time parliament},
  author={Lamport, Leslie},
  journal={ACM Transactions on Computer Systems (TOCS)},
  volume={16},
  number={2},
  pages={133--169},
  year={1998},
  publisher={ACM}
}

@inproceedings{CalvinDistributedTransaction,
  title={Calvin: fast distributed transactions for partitioned database systems},
  author={Thomson, Alexander and Diamond, Thaddeus and Weng, Shu-Chun and Ren, Kun and Shao, Philip and Abadi, Daniel J},
  booktitle={Proceedings of the 2012 ACM SIGMOD International Conference on Management of Data},
  pages={1--12},
  year={2012},
  organization={ACM}
}

@inproceedings{LynxTransactionChain,
  title={Transaction chains: achieving serializability with low latency in geo-distributed storage systems},
  author={Zhang, Yang and Power, Russell and Zhou, Siyuan and Sovran, Yair and Aguilera, Marcos K and Li, Jinyang},
  booktitle={Proceedings of the Twenty-Fourth ACM Symposium on Operating Systems Principles},
  pages={276--291},
  year={2013},
  organization={ACM}
}

@inproceedings{WindowsAzureStorage,
  title={Windows Azure Storage: a highly available cloud storage service with strong consistency},
  author={Calder, Brad and Wang, Ju and Ogus, Aaron and Nilakantan, Niranjan and Skjolsvold, Arild and McKelvie, Sam and Xu, Yikang and Srivastav, Shashwat and Wu, Jiesheng and Simitci, Huseyin and others},
  booktitle={Proceedings of the Twenty-Third ACM Symposium on Operating Systems Principles},
  pages={143--157},
  year={2011},
  organization={ACM}
}

@inproceedings{ErasureCodeRevisited,
  title={Erasure code replication revisited},
  author={Lin, WK and Chiu, Dah Ming and Lee, YB},
  booktitle={Peer-to-Peer Computing, 2004. Proceedings. Proceedings. Fourth International Conference on},
  pages={90--97},
  year={2004},
  organization={IEEE}
}

@article{EffectiveErasureCode,
  title={Effective erasure codes for reliable computer communication protocols},
  author={Rizzo, Luigi},
  journal={ACM SIGCOMM Computer Communication Review},
  volume={27},
  number={2},
  pages={24--36},
  year={1997},
  publisher={ACM}
}

@article{OceanStore,
  title={Oceanstore: An architecture for global-scale persistent storage},
  author={Kubiatowicz, John and Bindel, David and Chen, Yan and Czerwinski, Steven and Eaton, Patrick and Geels, Dennis and Gummadi, Ramakrishan and Rhea, Sean and Weatherspoon, Hakim and Weimer, Westley and others},
  journal={ACM Sigplan Notices},
  volume={35},
  number={11},
  pages={190--201},
  year={2000},
  publisher={ACM}
}

@inproceedings{bib:pond,
  title={Pond: the OceanStore Prototype},
  author={Rhea, Sean and Eaton, Patrick and Geels, Dennis and Weatherspoon, Hakim and Zhao, Ben and Kubiatowicz, John},
  booktitle={USENIX FAST},
  year={2013},
}

@inproceedings{FailureDetector,
  title={Asynchronous failure detectors},
  author={Conrejo, Alejandro and Lynch, Nancy and Sastry, Srikanth},
  booktitle={Proceedings of the 2012 ACM symposium on Principles of distributed computing},
  pages={243--252},
  year={2012},
  organization={ACM}
}

@article{Reconfigure,
  title={Reconfiguring a state machine},
  author={Lamport, Leslie and Malkhi, Dahlia and Zhou, Lidong},
  journal={ACM SIGACT News},
  volume={41},
  number={1},
  pages={63--73},
  year={2010},
  publisher={ACM}
}

@article{ErasureCodeCloudSurvey,
  title={Erasure coding for cloud storage systems: A survey},
  author={Li, Jun and Li, Baochun},
  journal={Tsinghua Science and Technology},
  volume={18},
  number={3},
  pages={259--272},
  year={2013},
  publisher={TUP}
}
@inproceedings{ErasureCodeWindowsAzure,
  title={Erasure coding in windows azure storage},
  author={Huang, Cheng and Simitci, Huseyin and Xu, Yikang and Ogus, Aaron and Calder, Brad and Gopalan, Parikshit and Li, Jin and Yekhanin, Sergey and others},
  booktitle={USENIX ATC},
  volume={12},
  year={2012}
}

@inproceedings{ErasureCodeRethinking,
  title={Rethinking erasure codes for cloud file systems: Minimizing I/O for recovery and degraded reads},
  author={Khan, Osama and Burns, Randal and Plank, James and Pierce, William and Huang, Cheng},
  booktitle={USENIX FAST},
  year={2012}
}


@inproceedings{Abu-Libdeh:2010:RCC:1807128.1807165,
 author = {Abu-Libdeh, Hussam and Princehouse, Lonnie and Weatherspoon, Hakim},
 title = {RACS: a case for cloud storage diversity},
 booktitle = {Proceedings of the 1st ACM symposium on Cloud computing},
 series = {SoCC '10},
 year = {2010},
 isbn = {978-1-4503-0036-0},
 location = {Indianapolis, Indiana, USA},
 pages = {229--240},
 numpages = {12},
 doi = {10.1145/1807128.1807165},
 acmid = {1807165},
 publisher = {ACM},
 address = {New York, NY, USA},
 keywords = {cloud computing, cloud storage, distributed systems, erasure codes, fault tolerance, vendor lock-in},
}

@inproceedings{Bessani:2011:DDS:1966445.1966449,
 author = {Bessani, Alysson and Correia, Miguel and Quaresma, Bruno and Andr{\'e}, Fernando and Sousa, Paulo},
 title = {DepSky: dependable and secure storage in a cloud-of-clouds},
 booktitle = {Proceedings of the sixth conference on Computer systems},
 series = {EuroSys '11},
 year = {2011},
 isbn = {978-1-4503-0634-8},
 location = {Salzburg, Austria},
 pages = {31--46},
 numpages = {16},
 doi = {10.1145/1966445.1966449},
 acmid = {1966449},
 publisher = {ACM},
 address = {New York, NY, USA},
 keywords = {byzantine quorum systems, cloud computing, cloud storage},
}


@inproceedings{Shah:2007:AKO:1361397.1361408,
 author = {Shah, Mehul A. and Baker, Mary and Mogul, Jeffrey C. and Swaminathan, Ram},
 title = {Auditing to keep online storage services honest},
 booktitle = {Proceedings of the 11th USENIX workshop on Hot topics in operating systems},
 series = {HOTOS'07},
 year = {2007},
 location = {San Diego, CA},
 pages = {11:1--11:6},
 articleno = {11},
 numpages = {6},
 acmid = {1361408},
 publisher = {USENIX Association},
 address = {Berkeley, CA, USA},
} 


@inproceedings{Livenson:2011:TTI:1996014.1996020,
 author = {Livenson, Ilja and Laure, Erwin},
 title = {Towards transparent integration of heterogeneous cloud storage platforms},
 booktitle = {Proceedings of the fourth international workshop on Data-intensive distributed computing},
 series = {DIDC '11},
 year = {2011},
 isbn = {978-1-4503-0704-8},
 location = {San Jose, California, USA},
 pages = {27--34},
 numpages = {8},
 doi = {10.1145/1996014.1996020},
 acmid = {1996020},
 publisher = {ACM},
 address = {New York, NY, USA},
 keywords = {cloud computing, integration, metadata storage, storage system},
} 


@inproceedings{Rizzo:1998:DFE:1268256.1268287,
 author = {Rizzo, Luigi},
 title = {Dummynet and forward error correction},
 booktitle = {Proceedings of the annual conference on USENIX Annual Technical Conference},
 series = {ATEC '98},
 year = {1998},
 location = {New Orleans, Louisiana},
 pages = {31--31},
 numpages = {1},
 acmid = {1268287},
 publisher = {USENIX Association},
 address = {Berkeley, CA, USA},
} 

@inproceedings{schroeder2009dram,
  title={DRAM errors in the wild: a large-scale field study},
  author={Schroeder, B. and Pinheiro, E. and Weber, W.D.},
  booktitle={Proceedings of the eleventh international joint conference on Measurement and modeling of computer systems},
  pages={193--204},
  year={2009},
  organization={ACM}
}


@inproceedings{Bowers:2009:HHI:1653662.1653686,
 author = {Bowers, Kevin D. and Juels, Ari and Oprea, Alina},
 title = {HAIL: a high-availability and integrity layer for cloud storage},
 booktitle = {Proceedings of the 16th ACM conference on Computer and communications security},
 series = {CCS '09},
 year = {2009},
 isbn = {978-1-60558-894-0},
 location = {Chicago, Illinois, USA},
 pages = {187--198},
 numpages = {12},
 doi = {10.1145/1653662.1653686},
 acmid = {1653686},
 publisher = {ACM},
 address = {New York, NY, USA},
 keywords = {cloud storage, data availability, distributed storage systems, erasure codes, proofs of retrievability},
} 

@article{Agrawal:2007:FSF:1288783.1288788,
 author = {Agrawal, Nitin and Bolosky, William J. and Douceur, John R. and Lorch, Jacob R.},
 title = {A five-year study of file-system metadata},
 journal = {Trans. Storage},
 issue_date = {October 2007},
 volume = {3},
 number = {3},
 month = oct,
 year = {2007},
 issn = {1553-3077},
 articleno = {9},
 doi = {10.1145/1288783.1288788},
 acmid = {1288788},
 publisher = {ACM},
 address = {New York, NY, USA},
 keywords = {File systems, generative model, longitudinal study},
} 

@article{Meyer:2012:SPD:2078861.2078864,
 author = {Meyer, Dutch T. and Bolosky, William J.},
 title = {A study of practical deduplication},
 journal = {Trans. Storage},
 issue_date = {January 2012},
 volume = {7},
 number = {4},
 month = feb,
 year = {2012},
 issn = {1553-3077},
 pages = {14:1--14:20},
 articleno = {14},
 numpages = {20},
 doi = {10.1145/2078861.2078864},
 acmid = {2078864},
 publisher = {ACM},
 address = {New York, NY, USA},
 keywords = {Deduplication, Windows, data, filesystem, study},
} 

@article{Vrable:2009:CFB:1629080.1629084,
 author = {Vrable, Michael and Savage, Stefan and Voelker, Geoffrey M.},
 title = {Cumulus: Filesystem backup to the cloud},
 journal = {Trans. Storage},
 issue_date = {December 2009},
 volume = {5},
 number = {4},
 month = dec,
 year = {2009},
 issn = {1553-3077},
 pages = {14:1--14:28},
 articleno = {14},
 numpages = {28},
 url = {http://doi.acm.org/10.1145/1629080.1629084},
 doi = {10.1145/1629080.1629084},
 acmid = {1629084},
 publisher = {ACM},
 address = {New York, NY, USA},
 keywords = {Backup, cloud storage},
} 



@article{10.1109/ICIW.2009.55,
	author = {David Bernstein and Erik Ludvigson and Krishna Sankar and Steve Diamond and Monique Morrow},
	title = {Blueprint for the Intercloud - Protocols and Formats for Cloud Computing Interoperability},
	journal ={Internet and Web Applications and Services, International Conference on},
	volume = {0},
	isbn = {978-0-7695-3613-2},
	year = {2009},
	pages = {328-336},
	doi = {http://doi.ieeecomputersociety.org/10.1109/ICIW.2009.55},
	publisher = {IEEE Computer Society},
	address = {Los Alamitos, CA, USA},
}

@article{weatherspoon2002erasure,
  title={Erasure coding vs. replication: A quantitative comparison},
  author={Weatherspoon, H. and Kubiatowicz, J.},
  journal={Peer-to-Peer Systems},
  pages={328--337},
  year={2002},
  publisher={Springer}
}

@INPROCEEDINGS{Dimakis07networkcoding,
    author = {Ros G. Dimakis and P. Brighten Godfrey and Yunnan Wu and Martin O. Wainwright and Kannan Ramch},
    title = {Network Coding for Distributed Storage Systems},
    booktitle = {In Proc. of IEEE INFOCOM},
    year = {2007}
}

@article{bloemer1995xor,
  title={An XOR-based erasure-resilient coding scheme},
  author={Bloemer, J. and Kalfane, M. and Karp, R. and Karpinski, M. and Luby, M. and Zuckerman, D.},
  year={1995},
  publisher={Citeseer}
}

@book{patterson1988case,
  title={A case for redundant arrays of inexpensive disks (RAID)},
  author={Patterson, D.A. and Gibson, G. and Katz, R.H.},
  volume={17},
  number={3},
  year={1988},
  publisher={ACM}
}
@article{plank1997tutorial,
  title={A tutorial on Reed-Solomon coding for fault-tolerance in RAID-like systems},
  author={Plank, J.S. and others},
  journal={Software Practice and Experience},
  volume={27},
  number={9},
  pages={995--1012},
  year={1997},
  publisher={Citeseer}
}

@inproceedings{luby1997practical,
  title={Practical loss-resilient codes},
  author={Luby, M.G. and Mitzenmacher, M. and Shokrollahi, M.A. and Spielman, D.A. and Stemann, V.},
  booktitle={Proceedings of the twenty-ninth annual ACM symposium on Theory of computing},
  pages={150--159},
  year={1997},
  organization={ACM}
}

@inproceedings{lampson1993new,
  title={A new presumed commit optimization for two phase commit},
  author={Lampson, B. and Lomet, D. and others},
  booktitle={PROCEEDINGS OF THE INTERNATIONAL CONFERENCE ON VERY LARGE DATA BASES},
  pages={630--630},
  year={1993},
  organization={INSTITUTE OF ELECTRICAL \& ELECTRONICS ENGINEERS (IEEE)}
}

@inproceedings{zhang2002reperasure,
  title={Reperasure: Replication protocol using erasure-code in peer-to-peer storage network},
  author={Zhang, Z. and Lian, Q.},
  booktitle={Reliable Distributed Systems, 2002. Proceedings. 21st IEEE Symposium on},
  pages={330--335},
  year={2002},
  organization={IEEE}
}

@article{dijxstra1965solution,
  title={Solution of a problem in concurrent programming control},
  author={DIJXSTRA, EW},
  journal={FACULTAD DE INGENIER{\'I}AS FUNDACI {\'O} N UNIVERSITARIA LUISAMIG {\'O}},
  pages={50},
  year={1965}
}

@article{lamport1974new,
  title={A new solution of Dijkstra's concurrent programming problem},
  author={Lamport, L.},
  journal={Communications of the ACM},
  volume={17},
  number={8},
  pages={453--455},
  year={1974},
  publisher={ACM}
}

@inproceedings{bermbach2011eventual,
  title={Eventual consistency: How soon is eventual? An evaluation of Amazon S3's consistency behavior},
  author={Bermbach, D. and Tai, S.},
  booktitle={Proceedings of the 6th Workshop on Middleware for Service Oriented Computing},
  pages={1},
  year={2011},
  organization={ACM}
}

@article{vogels2009eventually,
  title={Eventually consistent},
  author={Vogels, W.},
  journal={Communications of the ACM},
  volume={52},
  number={1},
  pages={40--44},
  year={2009},
  publisher={ACM}
}


@inproceedings{hu2012nccloud,
  title={NCCloud: applying network coding for the storage repair in a cloud-of-clouds},
  author={Hu, Y. and Chen, H.C.H. and Lee, P.P.C. and Tang, Y.},
  booktitle={USENIX FAST},
  year={2012}
}

@article{papaioannou2012scalia,
  title={Scalia: An Adaptive Scheme for Efficient Multi-Cloud Storage},
  author={Papaioannou, T.G. and Bonvin, N. and Aberer, K.},
  journal={Provider},
  volume={1},
  number={2},
  pages={3},
  year={2012}
}

@inproceedings{herlihy2003obstruction,
  title={Obstruction-free synchronization: Double-ended queues as an example},
  author={Herlihy, M. and Luchangco, V. and Moir, M.},
  booktitle={Distributed Computing Systems, 2003. Proceedings. 23rd International Conference on},
  pages={522--529},
  year={2003},
  organization={IEEE}
}

@inproceedings{bib:disasters,
  title={Designing for Disasters},
  author={Keeton, Kimberly and Santos, Cipriano and Beyer, Dirk and Chase, Jeffrey and 	Wilkes, John},
  booktitle={USENIX FAST},
  year={2004}
}

@article{mears1986low,
  title={Low-threshold tunable CW and Q-switched fibre laser operating at 1.55 $\mu$m},
  author={Mears, RJ and Reekie, L and Poole, SB and Payne, DN},
  journal={Electronics Letters},
  volume={3},
  number={22},
  pages={159--160},
  year={1986}
}

@article{zhu2011112,
  title={112-Tb/s space-division multiplexed DWDM transmission with 14-b/s/Hz aggregate spectral efficiency over a 76.8-km seven-core fiber},
  author={Zhu, B and Taunay, TF and Fishteyn, M and Liu, X and Chandrasekhar, S and Yan, MF and Fini, JM and Monberg, EM and Dimarcello, FV},
  journal={Optics Express},
  volume={19},
  number={17},
  pages={16665--16671},
  year={2011},
  publisher={Optical Society of America}
}

@inproceedings{bib:abd2005ursa,
  title={Ursa Minor: Versatile Cluster-based Storage.},
  author={Abd-El-Malek, Michael and Courtright II, William V and Cranor, Chuck and Ganger, Gregory R and Hendricks, James and Klosterman, Andrew J and Mesnier, Michael P and Prasad, Manish and Salmon, Brandon and Sambasivan, Raja R and others},
  booktitle={FAST},
  year={2005}
}

@inproceedings{bib:saito2004fab,
  title={FAB: building distributed enterprise disk arrays from commodity components},
  author={Saito, Yasushi and Fr{\o}lund, Svend and Veitch, Alistair and Merchant, Arif and Spence, Susan},
  booktitle={ACM SIGARCH Computer Architecture News},
  volume={32},
  number={5},
  pages={48--58},
  year={2004},
  organization={ACM}
}

@inproceedings{bib:zhang2004repstore,
  title={RepStore: a self-managing and self-tuning storage backend with smart bricks},
  author={Zhang, Zheng and Lin, Shiding and Lian, Qiao and Jin, Chao},
  booktitle={Autonomic Computing, 2004. Proceedings. International Conference on},
  pages={122--129},
  year={2004},
  organization={IEEE}
}

@inproceedings{haeberlen2005glacier,
  title={Glacier: Highly durable, decentralized storage despite massive correlated failures},
  author={Haeberlen, Andreas and Mislove, Alan and Druschel, Peter},
  booktitle={Proceedings of the 2nd conference on Symposium on Networked Systems Design \& Implementation-Volume 2},
  pages={143--158},
  year={2005},
  organization={USENIX Association}
}

@inproceedings{ford2010availability,
  title={Availability in Globally Distributed Storage Systems.},
  author={Ford, Daniel and Labelle, Fran{\c{c}}ois and Popovici, Florentina I and Stokely, Murray and Truong, Van-Anh and Barroso, Luiz and Grimes, Carrie and Quinlan, Sean},
  booktitle={OSDI},
  pages={61--74},
  year={2010}
}

@article{fikes2010storage,
  title={Storage architecture and challenges},
  author={Fikes, Andrew},
  journal={Talk at the Google Faculty Summit},
  year={2010}
}

@inproceedings{borthakur2010hdfs,
  title={Hdfs raid},
  author={Borthakur, D and Schmidt, R and Vadali, R and Chen, S and Kling, P},
  booktitle={Hadoop user group meeting},
  year={2010}
}

@inproceedings{huang2012erasure,
  title={Erasure coding in windows azure storage},
  author={Huang, Cheng and Simitci, Huseyin and Xu, Yikang and Ogus, Aaron and Calder, Brad and Gopalan, Parikshit and Li, Jin and Yekhanin, Sergey},
  booktitle={Presented as part of the 2012 USENIX Annual Technical Conference (USENIX ATC 12)},
  pages={15--26},
  year={2012}
}

@article{wilkes1996hp,
  title={The HP AutoRAID hierarchical storage system},
  author={Wilkes, John and Golding, Richard and Staelin, Carl and Sullivan, Tim},
  journal={ACM Transactions on Computer Systems (TOCS)},
  volume={14},
  number={1},
  pages={108--136},
  year={1996},
  publisher={ACM}
}

@inproceedings{zhang2016efficient,
  title={Efficient and available in-memory KV-store with hybrid erasure coding and replication},
  author={Zhang, Heng and Dong, Mingkai and Chen, Haibo},
  booktitle={14th USENIX Conference on File and Storage Technologies (FAST 16)},
  pages={167--180},
  year={2016}
}

@inproceedings{muralidhar2014f4,
  title={f4: Facebook's warm BLOB storage system},
  author={Muralidhar, Subramanian and Lloyd, Wyatt and Roy, Sabyasachi and Hill, Cory and Lin, Ernest and Liu, Weiwen and Pan, Satadru and Shankar, Shiva and Sivakumar, Viswanath and Tang, Linpeng and others},
  booktitle={11th USENIX Symposium on Operating Systems Design and Implementation (OSDI 14)},
  pages={383--398},
  year={2014}
}

@inproceedings{welch2008scalable,
  title={Scalable Performance of the Panasas Parallel File System.},
  author={Welch, Brent and Unangst, Marc and Abbasi, Zainul and Gibson, Garth A and Mueller, Brian and Small, Jason and Zelenka, Jim and Zhou, Bin},
  booktitle={FAST},
  volume={8},
  pages={1--17},
  year={2008}
}

@inproceedings{sathiamoorthy2013xoring,
  title={Xoring elephants: Novel erasure codes for big data},
  author={Sathiamoorthy, Maheswaran and Asteris, Megasthenis and Papailiopoulos, Dimitris and Dimakis, Alexandros G and Vadali, Ramkumar and Chen, Scott and Borthakur, Dhruba},
  booktitle={Proceedings of the VLDB Endowment},
  volume={6},
  number={5},
  pages={325--336},
  year={2013},
  organization={VLDB Endowment}
}

@article{adya2002farsite,
  title={FARSITE: Federated, available, and reliable storage for an incompletely trusted environment},
  author={Adya, Atul and Bolosky, William J and Castro, Miguel and Cermak, Gerald and Chaiken, Ronnie and Douceur, John R and Howell, Jon and Lorch, Jacob R and Theimer, Marvin and Wattenhofer, Roger P},
  journal={ACM SIGOPS Operating Systems Review},
  volume={36},
  number={SI},
  pages={1--14},
  year={2002},
  publisher={ACM}
}

@inproceedings{weil2006ceph,
  title={Ceph: A scalable, high-performance distributed file system},
  author={Weil, Sage A and Brandt, Scott A and Miller, Ethan L and Long, Darrell DE and Maltzahn, Carlos},
  booktitle={Proceedings of the 7th symposium on Operating systems design and implementation},
  pages={307--320},
  year={2006},
  organization={USENIX Association}
}

@inproceedings{wang2012gnothi,
  title={Gnothi: Separating data and metadata for efficient and available storage replication},
  author={Wang, Yang and Alvisi, Lorenzo and Dahlin, Mike},
  booktitle={Presented as part of the 2012 USENIX Annual Technical Conference (USENIX ATC 12)},
  pages={413--424},
  year={2012}
}

@article{herlihy1990linearizability,
  title={Linearizability: A correctness condition for concurrent objects},
  author={Herlihy, Maurice P and Wing, Jeannette M},
  journal={ACM Transactions on Programming Languages and Systems (TOPLAS)},
  volume={12},
  number={3},
  pages={463--492},
  year={1990},
  publisher={ACM}
}

@electronic{bib:MAREA1,
  title = {Facebook and Microsoft to Build Fiber Optic Cable Across Atlantic},
  howpublished = {http://www.wsj.com/articles/facebook\-and-microsoft-to-build-fiber-optic-cable-across-atlantic\-1464298853},
	month={May},
	year={2016},
	publisher={Wall Street Journal}
};

@electronic{bib:MAREA2,
  title = {Microsoft, Facebook to lay massive undersea cable},
  howpublished = {http://www.usatoday.com/story/experience/2016/05/26/microsoft-facebook-undersea-cable-google-marea-amazon/84984882},
	month={May},
	year={2016},
	publisher={USE Today}
};

@electronic{bib:FA-1,
  title = {Fiber-Optic Link Around the Globe},
  howpublished = {https://en.wikipedia.org/wiki/Fiber-Optic\_Link\_Around\_the\_Globe},
	publisher={Wikipedia}
};








@electronic{raid6,
 author = {Anvin, H. P. },
 title = {The mathematics of RAID-6},
 howpublished = {http://kernel.org/pub/linux/kernel/people/hpa/raid6.pdf},
 timestamp = {2007},
}

@electronic{dropbox,
  title = {DropBox},
  howpublished = {http://www.dropbox.com},
  timestamp = {2012},
};

@electronic{skydrive,
  title = {SkyDrive},
  howpublished = {http://www.skydrive.com},
  timestamp = {2012}
  };

@electronic{s3,
  title = {Amazon S3},
  howpublished = {http://aws.amazon.com/s3/},
};

@electronic{meepo,
  title = {MeePo project},
  howpublished = {http://meepo.org},
};

@electronic{cdmi,
  title = {SNIA Cloud Data Management Interface},
  howpublished = {http://cdmi.sniacloud.com/}
};

@electronic{intercloud,
  title = {Intercloud is a global cloud of clouds},
  howpublished = {http://www.kk.org/thetechnium/archives/2007/11/a\_cloudbook\_for.php}
};


@electronic{s3_sla,
  title = {S3 SLA},
  howpublished = {http://aws.amazon.com/s3-sla/},
}

@electronic{ms_data_loss,
  author = {D. Ionescu},
  title = {Microsoft red-faced after massive sidekick data loss. PCWorld},
  year = {Oct. 2009},
}

@electronic{google_report,
  title = {Google Transparency Report},
  howpublished = {http://www.google.com/},
}

@electronic{jclouds,
  title = {What's next for jClouds?},
  author = {InfoQ},
  howpublished = {http://www.infoq.com/interviews/adrian-cole-jclouds},
}

@electronic{zfec,
  title = {Zfec},
  howpublished = {http://pypi.python.org/pypi/zfec},
}

@electronic{csc_report,
  title = {CSC Cloud Usage Index},
  howpublished = {http://www.csc.com/}
}

@electronic{vps_net,
  title = {VPS.NET},
  howpublished = {http://vps.net},
}

@electronic{mammoth,
  title = {Mammoth VPS},
  howpublished = {http://www.mammoth.net.au/},
}

@electronic{linode,
  title = {Linode VPS},
  howpublished={http://www.linode.com/},
  }

@electronic{cloud_failures,
  title = {Serious Cloud Failures and Disasters of 2011},
  howpublished = {http://www.cloudways.com/blog/cloud-failures-disasters-of-2011/},
}

@electronic{libcloud,
  title = {Apache libCloud},
  howpublished = {http://libcloud.apache.org/},
}

@electronic{nasdaq,
  title={NASDAQ's Use of Amazon S3},
  howpublished = {http://aws.amazon.com/about-aws/media-coverage/2008/07/18/nasdaqs-use-of-amazon-s3/}
}

@electronic{xxx,
  title = {Else},
  howpublished={[] http://groups.google.com/group/google-appengine/

[] http://status.aws.amazon.com/s3-20080720.html

[] http://aws.amazon.com/pricing\_effective\_july\_2011}

}
@electronic{Jerasure,
  title={Jerasure and GF-Complete erasure code libraries},
  howpublished = {http://jerasure.org}
}


