
@article{chandy83distributed,
  ids={deadlock:tocs83},
  title={{Distributed deadlock detection}},
  author={Chandy, K Mani and Misra, Jayadev and Haas, Laura M},
  journal=tocs,
  volume={1},
  number={2},
  pages={144--156},
  year={1983},
}

@article{attiya94sequential,
 author = {Hagit Attiya and Jennifer L. Welch},
 title = {Sequential consistency versus linearizability},
 journal = tocs,
 volume = {12},
 number = {2},
 year = {1994},
}

@article{wilkes96hp,
  title={The HP AutoRAID hierarchical storage system},
  author={Wilkes, John and Golding, Richard and Staelin, Carl and Sullivan, Tim},
  journal=tocs,
  volume=14,
  number=1,
  pages={108--136},
  year=1996,
}

@article{lamport98parttime,
  ids={paxos:tocs98},
  title={The part-time parliament},
  author={Lamport, Leslie},
  journal=tocs,
  volume={16},
  number={2},
  pages={133--169},
  year={1998},
}
