
@inproceedings{roy09runtime,
  title={A runtime system for software lock elision},
  author={Roy, Amitabha and Hand, Steven and Harris, Tim},
  booktitle=eurosys,
  year={2009},
  month = mar,
}

@inproceedings{bessani11depsky,
  ids={depsky:eurosys11},
  author = {Bessani, Alysson and Correia, Miguel and Quaresma, Bruno and Andr{\'e}, Fernando and Sousa, Paulo},
  title = {DepSky: dependable and secure storage in a cloud-of-clouds},
  booktitle = eurosys,
  year = {2011},
  month = apr,
}

@inproceedings{kraska13mdcc,
  ids={mdcc:eurosys13},
  title={{MDCC: multi-data center consistency}},
  author={Kraska, Tim and Pang, Gene and Franklin, Michael J and Madden, Samuel and Fekete, Alan},
  booktitle = eurosys,
  year={2013},
  month = apr,
}

@inproceedings{clements13radixvm,
  title={RadixVM: scalable address spaces for multithreaded applications},
  author={Clements, Austin T. and Kaashoek, M. Frans and Zeldovich, Nickolai},
  booktitle=eurosys,
  year={2013},
  month=apr,
}

@inproceedings{guo14rex,
  title={Rex: replication at the speed of multi-core},
  author={Guo, Zhenyu and Hong, Chuntao and Yang, Mao and Zhou, Dong and Zhou, Lidong and Zhuang, Li},
  booktitle = eurosys,
  year = {2014},
  month = apr,
}

@inproceedings{leners15taming,
  title={Taming uncertainty in distributed systems with help from the network},
  author={Leners, Joshua B and Gupta, Trinabh and Aguilera, Marcos K and Walfish, Michael},
  booktitle=eurosys,
  year={2015},
  month =apr,
}

@inproceedings{herman16type,
  title = {Type-aware transactions for faster concurrent code},
  author = {Herman, Nathaniel and Inala, Jeevana Priya and Huang, Yihe and Tsai, Lillian and Kohler, Eddie and Liskov, Barbara and Shrira, Liuba},
  booktitle = eurosys,
  year = {2016},
  month = apr,
}

@inproceedings{bravo17saturn,
  author = {Bravo, Manuel and Rodrigues, Lu\'{\i}s and Van Roy, Peter},
  title = {Saturn: a distributed metadata service for causal consistency},
  booktitle = eurosys,
  year = {2017},
  month = apr, 
} 

@inproceedings{fonseca17empirical,
  title = {An empirical study on the correctness of formally verified distributed systems},
  author = {Fonseca, Pedro and Zhang, Kaiyuan and Wang, Xi and Krishnamurthy, Arvind},
  booktitle = eurosys,
  year = {2017},
  month = apr,
}
