

@inproceedings{mckenney11read,
  title={Read-copy update},
  author={McKenney, Paul E. and Appavoo, Jonathan and Kleen, Andi and Krieger, Orran and Russell, Rusty and Sarma, Dipankar and Soni, Maneesh},
  booktitle=ols,
  year = 2001,
  month = jul,
}

@inproceedings{boyd12nonscalable,
  title={Non-scalable locks are dangerous},
  author={Boyd-Wickizer, Silas and Kaashoek, M. Frans and Morris, Robert and Zeldovich, Nickolai},
  booktitle=ols,
  year={2012},
  month = jul,
}

@article{ritchie84evolution,
  title={The evolution of the UNIX time-sharing system},
  author={Ritchie, Dennis},
  journal={Bell Labs Technical Journal},
  volume={63},
  number={6},
  year={1984},
  month= oct,
}

@inproceedings{brocker14iseeyou,
  title = {iSeeYou: Disabling the MacBook Webcam Indicator LED.},
  author = {Brocker, Matthew and Checkoway, Stephen},
  booktitle = security,
  year = {2014},
  month = aug,
}

@article{hardy88confused,
  author = {Hardy, Norm},
  title = {The confused deputy: (or why capabilities might have been invented)},
  journal = osr,
  volume = {22},
  number = {4},
  month = oct,
  year = {1988},
} 

@inproceedings{bomberger92keykos,
  title={The KeyKOS nanokernel architecture},
  author={Bomberger, Alan C and Hardy, Norman and Peri, A and Charles, Frantz and Landau, R and Frantz, William S and Shapiro, Jonathan S and Hardy, Ann C},
  booktitle={In Proceedings of the USENIX Workshop on Micro-kernels and Other Kernel Architectures},
  year={1992}
}

@inproceedings{escriva12hyperdex,
  ids={Hyperdex:sigcomm12},
  author = {Escriva, Robert and Wong, Bernard and Sirer, Emin G\"{u}n},
  title = {{HyperDex}: A distributed, searchable key-value Store},
  booktitle = sigcomm,
  year = {2012},
  month = aug,
} 

@inproceedings{angel2013verifiable,
  title={Verifiable auctions for online ad exchanges},
  author={Angel, Sebastian and Walfish, Michael},
  booktitle = sigcomm,
  year={2013},
  month = aug,
}


@inproceedings{bowers09hail,
  ids={hail:ccs09},
  author = {Bowers, Kevin D. and Juels, Ari and Oprea, Alina},
  title = {{HAIL: a high-availability and integrity layer for cloud storage}},
  booktitle = ccs,
  year = {2009},
  month = nov,
} 

@inproceedings{appel91virtual,
  author = {Appel, Andrew W. and Li, Kai},
  title = {Virtual memory primitives for user programs},
  booktitle = asplos,
  year = {1991},
  month = apr,
} 

@inproceedings{kubiatowicz2000oceanstore,
  ids={oceanstore:asplos00},
  title={Oceanstore: An architecture for global-scale persistent storage},
  author={Kubiatowicz, John and Bindel, David and Chen, Yan and Czerwinski, Steven and Eaton, Patrick and Geels, Dennis and Gummadi, Ramakrishan and Rhea, Sean and Weatherspoon, Hakim and Weimer, Westley and others},
  booktitle=asplos,
  year={2000},
  month = nov,
}

@inproceedings{saito04fab,
  ids={fab:asplos04},
  title={{FAB: building distributed enterprise disk arrays from commodity components}},
  author={Saito, Yasushi and Fr{\o}lund, Svend and Veitch, Alistair and Merchant, Arif and Spence, Susan},
  booktitle=asplos,
  year={2004},
  month = oct,
}

@inproceedings{zhang16lock,
  title={Lock-free transactions without rollbacks for linked data structures},
  author={Zhang, Deli and Dechev, Damian},
  booktitle=spaa,
  year={2016},
  month = jul,
}

@inproceedings{saad16extending,
  title={On extending TM primitives using low level semantics},
  author={Saad, Mohamed M and Palmieri, Roberto and Hassan, Ahmed and Ravindran, Binoy},
  year={2016},
  booktitle=spaa,
  month = jul,
}

@inproceedings{golan11automatic,
  title={Automatic fine-grain locking using shape properties},
  author={Golan-Gueta, Guy and Bronson, Nathan and Aiken, Alex and Ramalingam, G and Sagiv, Mooly and Yahav, Eran},
  booktitle=oopsla,
  year={2011},
  month = oct,
}


@inproceedings{herlihy08transactional,
  title={Transactional boosting: a methodology for highly-concurrent transactional objects},
  author={Herlihy, Maurice and Koskinen, Eric},
  booktitle=ppopp,
  year={2008},
  month = feb,
}

@inproceedings{ramadan09committing,
  title={Committing conflicting transactions in an STM},
  author={Ramadan, Hany E and Roy, Indrajit and Herlihy, Maurice and Witchel, Emmett},
  booktitle=ppopp,
  year={2009},
  month = feb,
}

@inproceedings{mu14when,
  title={{When Paxos meets erasure code: reduce network and storage cost in state machine replication}},
  author={Mu, Shuai and Chen, Kang and Wu, Yongwei and Zheng, Weimin},
  booktitle=hpdc,
  year={2014},
  month = jun,
}

@inproceedings{mu12mulibcloud,
  title={{$\mu$LibCloud: Providing high available and uniform accessing to multiple cloud storages}},
  author={Mu, Shuai and Chen, Kang and Gao, Pin and Ye, Feng and Wu, Yongwei and Zheng, Weimin},
  booktitle={Proceedings of ACM/IEEE International Conference on Grid Computing (Grid)},
  year={2012},
  month = may,
}


@inproceedings{baker11megastore,
  ids={megastore:cidr11},
  title={Megastore: providing scalable, highly available storage for interactive services},
  author={Baker, Jason and Bond, Chris and Corbett, James and Furman, JJ and Khorlin, Andrey and Larson, James and L{\'e}on, Jean-Michel and Li, Yawei and Lloyd, Alexander and Yushprakh, Vadim},
  booktitle=cidr,
  year={2011},
  month = jan,
}

@inproceedings{keeton04designing,
  title={Designing for disasters},
  author={Keeton, Kimberly and Santos, Cipriano and Beyer, Dirk and Chase, Jeffrey and 	Wilkes, John},
  booktitle=fast,
  year={2004},
  month = mar,
}

@inproceedings{abd05ursa,
  title={Ursa minor: versatile cluster-based storage},
  author={Abd-El-Malek, Michael and Courtright II, William V and Cranor, Chuck and Ganger, Gregory R and Hendricks, James and Klosterman, Andrew J and Mesnier, Michael P and Prasad, Manish and Salmon, Brandon and Sambasivan, Raja R and others},
  booktitle=fast,
  year={2005},
  month = dec,
}

@inproceedings{welch08scalable,
  title={Scalable Performance of the Panasas Parallel File System.},
  author={Welch, Brent and Unangst, Marc and Abbasi, Zainul and Gibson, Garth A and Mueller, Brian and Small, Jason and Zelenka, Jim and Zhou, Bin},
  booktitle=fast,
  year={2008},
  month =feb,
}

@inproceedings{plank09performance,
  title={A performance evaluation and examination of open-source erasure coding libraries for storage.},
  author={Plank, James S and Luo, Jianqiang and Schuman, Catherine D and Xu, Lihao and Wilcox-O'Hearn, Zooko and others},
  booktitle=fast,
  year={2009},
  month = feb,
}

@inproceedings{vrable09cumulus,
  author = {Vrable, Michael and Savage, Stefan and Voelker, Geoffrey M.},
  title = {Cumulus: Filesystem backup to the cloud},
  booktitle=fast,
  year = {2009},
  month = feb,
} 

@inproceedings{meyer11study,
  author = {Meyer, Dutch T. and Bolosky, William J.},
  title = {A study of practical deduplication},
  booktitle=fast,
  year = {2011},
  month = feb,
} 

@inproceedings{khan12rethinking,
  title={Rethinking erasure codes for cloud file systems: Minimizing I/O for recovery and degraded reads},
  author={Khan, Osama and Burns, Randal and Plank, James and Pierce, William and Huang, Cheng},
  booktitle=fast,
  year={2012},
  month = feb,
}

@inproceedings{hu12nccloud,
  ids={nccloud:fast12},
  title={{NCCloud: applying network coding for the storage repair in a cloud-of-clouds}},
  author={Hu, Y. and Chen, H.C.H. and Lee, P.P.C. and Tang, Y.},
  booktitle=fast,
  year={2012},
  month = feb,
}

@inproceedings{rhea03pond,
  ids={pond:fast03},
  title={Pond: the OceanStore prototype},
  author={Rhea, Sean and Eaton, Patrick and Geels, Dennis and Weatherspoon, Hakim and Zhao, Ben and Kubiatowicz, John},
  booktitle=fast,
  year={2003},
  month = mar,
}

@inproceedings{zhang16efficient,
  title={Efficient and available in-memory KV-store with hybrid erasure coding and replication},
  author={Zhang, Heng and Dong, Mingkai and Chen, Haibo},
  booktitle=fast,
  year={2016},
  month = feb,
}

@inproceedings{liscov99providing,
  ids={clocc:ecoop99},
  title={Providing persistent objects in distributed systems},
  author={Liskov, Barbara and Castro, Miguel and Shrira, Liuba and Adya, Atul},
  booktitle=ecoop,
  year={1999},
}


@inproceedings{dimakis07networkcoding,
    author = {Ros G. Dimakis and P. Brighten Godfrey and Yunnan Wu and Martin O. Wainwright and Kannan Ramch},
    title = {Network coding for distributed storage systems},
    booktitle = infocom,
    year = {2007}
}

@inproceedings{abulibdeh10racs,
  ids={racs:socc10},
  author = {Abu-Libdeh, Hussam and Princehouse, Lonnie and Weatherspoon, Hakim},
  title = {{RACS: a case for cloud storage diversity}},
  booktitle = socc,
  year = {2010},
  month = jun,
}

@inproceedings{moraru14paxos,
  title={Paxos quorum leases: Fast reads without sacrificing writes},
  author={Moraru, Iulian and Andersen, David G and Kaminsky, Michael},
  booktitle=socc,
  year={2014},
  month = nov,
}

@inproceedings{lamport04cheap,
  title={Cheap {Paxos}},
  author={Lamport, Leslie and Massa, Mike},
  booktitle=dsn,
  year={2004},
  month = jun,
}

@inproceedings{junqueira11zab,
  title={Zab: high-performance broadcast for primary-backup systems},
  author={Junqueira, Flavio P and Reed, Benjamin C and Serafini, Marco},
  booktitle=dsn,
  year=2011,
  month = jun,
}

@inproceedings{lamport11byzantizing,
  title={Byzantizing {Paxos} by refinement},
  author={Lamport, Leslie},
  booktitle=disc,
  year={2011},
  month = july,
}

@inproceedings{shah07auditing,
 author = {Shah, Mehul A. and Baker, Mary and Mogul, Jeffrey C. and Swaminathan, Ram},
 title = {Auditing to keep online storage services honest},
 booktitle = hotos,
 year = {2007},
} 

@inproceedings{weatherspoon02erasure,
  title={Erasure coding vs. replication: A quantitative comparison},
  author={Weatherspoon, H. and Kubiatowicz, J.},
  booktitle=iptps,
  year=2002,
}

@inproceedings{riegel08making,
  title={Making object-based STM practical in unmanaged environments},
  author={Riegel, Torvald and De Brum, Diogo Becker},
  booktitle=transact,
  year={2008}
}


@article{herlihy90linearizability,
  ids={linearizability:toplas90},
  title={{Linearizability: A correctness condition for concurrent objects}},
  author={Herlihy, Maurice P and Wing, Jeannette M},
  journal=toplas,
  volume={12},
  number={3},
  pages={463--492},
  year={1990},
}

@article{dewitt90gamma,
  ids={gamma:tkde90},
  title={{The Gamma database machine project}},
  author={DeWitt, David J and Ghandeharizadeh, Shahram and Schneider, Donovan A. and Bricker, Allan and Hsiao, Hui-I and Rasmussen, Rick},
  journal=tkde,
  volume={2},
  number={1},
  pages={44--62},
  year={1990},
}

@article{boral90prototyping,
  ids={bubba:tkde90},
  title={{Prototyping Bubba, a highly parallel database system}},
  author={Boral, Haran and Alexander, William and Clay, Larry and Copeland, George and Danforth, Scott and Franklin, Michael and Hart, Brian and Smith, Marc and Valduriez, Patrick},
  journal=tkde,
  volume={2},
  number={1},
  pages={4--24},
  year={1990},
  publisher={IEEE}
}

@article{mohan86transaction,
  ids={r:tods86},
  title={{Transaction management in the R* distributed database management system}},
  author={Mohan, C and Lindsay, Bruce and Obermarck, Ron},
  journal=tods,
  volume={11},
  number={4},
  pages={378--396},
  year={1986},
}

@article{bernstein99concurrency,
  title={{Concurrency control for step-decomposed transactions}},
  author={Bernstein, Arthur J and Gerstl, David S and Lewis, Philip M},
  journal={Information Systems},
  volume={24},
  number={8},
  pages={673--698},
  year={1999},
  publisher={Elsevier}
}

@article{breitbart92overview,
  title={{Overview of multidatabase transaction management}},
  author={Breitbart, Yuri and Garcia-Molina, Hector and Silberschatz, Avi},
  journal=vldbj,
  volume={1},
  number={2},
  pages={181--239},
  year={1992},
}

@article{garcia83using,
  title={{Using semantic knowledge for transaction processing in a distributed database}},
  author={Garcia-Molina, Hector},
  journal=tods,
  volume={8},
  number={2},
  pages={186--213},
  year={1983},
}


@article{lamport01paxos,
  title={{Paxos made simple}},
  author={Lamport, Leslie},
  journal=sigact,
  volume={32},
  number={4},
  pages={18--25},
  year={2001}
}

@article{lamport10reconfiguring,
  title={Reconfiguring a state machine},
  author={Lamport, Leslie and Malkhi, Dahlia and Zhou, Lidong},
  journal=sigact,
  volume={41},
  number={1},
  pages={63--73},
  year={2010},
}

@article{agrawal87concurrency,
  title={{Concurrency control performance modeling: alternatives and implications}},
  author={Agrawal, Rakesh and Carey, Michael J and Livny, Miron},
  journal=tods,
  volume={12},
  number={4},
  pages={609--654},
  year={1987},
}


@article{shasha95transaction,
  ids={chopping:tods95},
  title={{Transaction chopping: Algorithms and performance studies}},
  author={Shasha, Dennis and Llirbat, Francois and Simon, Eric and Valduriez, Patrick},
  journal=tods,
  volume={20},
  number={3},
  pages={325--363},
  year={1995},
}

@inproceedings{whitney97high,
  title={{High volume transaction processing without concurrency control, two phase commit, sql or c++}},
  author={Whitney, Arthur and Shasha, Dennis and Apter, Stevan},
  booktitle=hpts,
  year={1997}
}

@article{garcia84massive,
  title={{A massive memory machine}},
  author={Garcia-Molina, Hector and Lipton, Richard J. and Valdes, Jacobo},
  journal=tc,
  volume={100},
  number={5},
  pages={391--399},
  year={1984},
}

@article{garcia92main,
  title={{Main memory database systems: An overview}},
  author={Garcia-Molina, Hector and Salem, Kenneth},
  journal=tkde,
  volume={4},
  number={6},
  pages={509--516},
  year={1992},
  publisher={IEEE}
}

@inproceedings{li88multiprocessor,
  title={{Multiprocessor main memory transaction processing}},
  author={Li, Kai and Naughton, Jeffrey F},
  booktitle={Proceedings of the First International Symposium on Databases in Parallel and Distributed Systems},
  year={1988},
}

@article{lorch06smart,
  title={The SMART way to migrate replicated stateful services},
  author={Lorch, Jacob R and Adya, Atul and Bolosky, William J and Chaiken, Ronnie and Douceur, John R and Howell, Jon},
  booktitle=osr,
  year={2006},
}

@article{lakshman10cassandra,
  title={{Cassandra: a decentralized structured storage system}},
  author={Lakshman, Avinash and Malik, Prashant},
  journal=osr,
  volume={44},
  number={2},
  pages={35--40},
  year={2010},
  publisher={ACM}
}

@article{bernstein81concurrency,
  title={{Concurrency control in distributed database systems}},
  author={Bernstein, Philip A and Goodman, Nathan},
  journal=csur,
  volume={13},
  number={2},
  pages={185--221},
  year={1981},
  publisher={ACM}
}

@article{van15paxos,
  title={Paxos made moderately complex},
  author={Van Renesse, Robbert and Altinbuken, Deniz},
  journal=csur,
  volume={47},
  number={3},
  month={February},
  year={2015},
  publisher={ACM}
}

@article{viotti16consistency,
  author = {Viotti, Paolo and Vukoli\'{c}, Marko},
  title = {Consistency in non-transactional distributed storage systems},
  journal = csur,
  volume = {49},
  number = {1},
  month = jul,
  year = {2016},
} 
@book{weikum01transactional,
  title={{Transactional information systems: theory, algorithms, and the practice of concurrency control and recovery}},
  author={Weikum, Gerhard and Vossen, Gottfried},
  year={2001},
  publisher={Elsevier}
}

@phdthesis{gifford81information,
 author = {Gifford, David Kenneth},
 title = {Information Storage in a Decentralized Computer System},
 year = {1981},
 note = {AAI8124072},
 publisher = {Stanford University},
 address = {Stanford, CA, USA},
} 

@article{kung81optimistic,
  ids={occ:tods81},
  title={{On optimistic methods for concurrency control}},
  author={Kung, Hsiang-Tsung and Robinson, John T},
  journal=tods,
  volume={6},
  number={2},
  pages={213--226},
  year={1981},
}

@article{tarjan72depth,
  ids={dfs},
  title={{Depth-first search and linear graph algorithms}},
  author={Tarjan, Robert},
  journal=sicomp,
  volume={1},
  number={2},
  pages={146--160},
  year={1972},
}

@article{rosenkrantz78system,
  title={{System level concurrency control for distributed database systems}},
  author={Rosenkrantz, Daniel J and Stearns, Richard E and Lewis II, Philip M},
  journal=tods,
  volume={3},
  number={2},
  pages={178--198},
  year={1978},
}

@article{gray06consensus,
  title={{Consensus on transaction commit}},
  author={Gray, Jim and Lamport, Leslie},
  journal=tods,
  volume={31},
  number={1},
  pages={133--160},
  year={2006},
}

@article{ritchie74unix,
 author = {Ritchie, Dennis M. and Thompson, Ken},
 title = {The {UNIX} time-sharing system},
 journal = cacm,
 volume = {17},
 number = {7},
 month = jul,
 year = {1974},
} 

@article{lamport78time,
 author = {Leslie Lamport},
 title = {Time, clocks, and the ordering of events in a distributed system},
 journal = cacm,
 year = {1978},
}

@article{thompson84reflections,
  title={Reflections on trusting trust},
  author={Thompson, Ken},
  journal=cacm,
  volume=27,
  number=8,
  year=1984,
  month = aug, 
}

@article{wadler15propositions,
 author = {Wadler, Philip},
 title = {Propositions As Types},
 journal = cacm,
 volume = {58},
 number = {12},
 month = nov,
 year = {2015},
} 

@article{bessey10few,
  title={A few billion lines of code later: using static analysis to find bugs in the real world},
  author={Bessey, Al and Block, Ken and Chelf, Ben and Chou, Andy and Fulton, Bryan and Hallem, Seth and Henri-Gros, Charles and Kamsky, Asya and McPeak, Scott and Engler, Dawson},
  journal=cacm,
  volume={53},
  number={2},
  year={2010},
  month = feb,
}

@article{schneider90implementing,
 author = {Fred B. Schneider},
 title = {Implementing fault-tolerant services using the state machine approach: a tutorial},
 journal = csur,
 volume = {22},
 number = {4},
 month = Dec,
 year = {1990}
 }


@article{van15vive,
  title={Vive la diff{\'e}rence: Paxos vs. viewstamped replication vs. zab},
  author={Van Renesse, Robbert and Schiper, Nicolas and Schneider, Fred B},
  journal={IEEE Transactions on Dependable and Secure Computing},
  volume={12},
  number={4},
  pages={472--484},
  year={2015},
  publisher={IEEE}
}

@techreport{unland1994optimistic,
  title={{Optimistic concurrency control revisited}},
  author={Unland, Rainer},
  year={1994},
  institution={Arbeitsberichte des Instituts f{\"u}r Wirtschaftsinformatik, Westf{\"a}lische Wilhelms-Universit{\"a}t M{\"u}nster}
}

@techreport{lipton88pram,
 author = {Richard J. Lipton and Jonathan S. Sandberg},
 title = {{PRAM}: A Scalable Shared Memory},
 institution = {Princeton Univ., Dept. Comp. Sci.},
 number = {TR-180-88},
 year = 1988,
}

@techreport{lamport05generalized,
  ids={generalizedpaxos:tr05},
  title={{Generalized consensus and Paxos}},
  author={Lamport, Leslie},
  year={2005},
  number={MSR-TR-2005-33},
  institution={Microsoft Research}
}

@techreport{lamport05fast,
  ids={fastpaxos:tr05},
  title={{Fast Paxos}},
	author       = {Leslie Lamport},
	institution  = {Microsoft Research},
  number = {MSR-TR-2005-112},
	year = {2005},
}

@article{lamport06fast,
  title={Fast {Paxos}},
  author={Lamport, Leslie},
  journal=dc,
  volume={19},
  number={2},
  year={2006},
  month = oct,
}

@techreport{mazieres07paxos,
  title={Paxos made practical},
  author={Mazieres, David},
  year={2007}
}

@techreport{viewstampedreplication:tr12,
  title={Viewstamped replication revisited},
  author={Liskov, Barbara and Cowling, James},
  year={2012},
  number={MIT-CSAIL-TR-2012-021},
  institution={MIT},
}

@techreport{warp:tr14,
  title={Warp: Lightweight Multi-Key Transactions for Key-Value Stores},
  author={Escriva, Robert and Wong, Bernard and Sirer, Emin G{\"u}n},
  year={2014},
}

@techreport{rococo:tr14,
  title={Extracting more concurrency from distribted transactions},
  author={Mu, Shuai and Cui, Yang and Zhang, Yang and Lloyd, Wyatt and Li, Jinyang},
  institution={New York Univ., Courant Institute of Mathematical Sciences},
  number={TR2014-970},
  year={2014},
}

@techreport{tapir:tr14,
  title={Building Consistent Transactions with Inconsistent Replication},
  author={Zhang, Irene and Sharma, Naveen Kr and Szekeres, Adriana and Krishnamurthy, Arvind and Ports, Dan RK},
  year=2014,
  institution={Technical Report UW-CSE-2014-12-01, University of Washington}
}

@techreport{tapir:tr15,
  title={Building Consistent Transactions with Inconsistent Replication (Extended Version)},
  author={Zhang, Irene and Sharma, Naveen Kr and Szekeres, Adriana and Krishnamurthy, Arvind and Ports, Dan RK},
  year=2015,
  institution={Technical Report UW-CSE-2014-12-01 v2, University of Washington}
}
@techreport{janus:tr16,
  title={Consolidating Concurrency Control and Consensus for Commits under Conflicts},
  author={Mu, Shuai and Nelson, Lamon and and Lloyd, Wyatt and Li, Jinyang},
  institution={New York Univ., Courant Institute of Mathematical Sciences},
  number={TR2016-983},
  year={2016},
}

@book{bernstein87concurrency,
  title={{Concurrency control and recovery in database systems}},
  author={Bernstein, Philip A and Hadzilacos, Vassos and Goodman, Nathan},
  volume={370},
  year={1987},
  publisher={Addison-wesley New York}
}

@book{gray92transaction,
 author = {Gray, Jim and Reuter, Andreas},
 title = {Transaction Processing: Concepts and Techniques},
 year = {1992},
 isbn = {1558601902},
 edition = {1st},
 publisher = {Morgan Kaufmann Publishers Inc.},
 address = {San Francisco, CA, USA},
} 

@book{gerhard01transactional,
  title="Transactional Information Systems: Theory, Algorithms, and the Practice of Concurrency Control and Recovery",
  author="Gerhard Weikum and Gottfried Vossen",
  publisher = {Morgan Kaufmann},
  year=2001,
}

@misc{rubis,
title={{RUBiS}},
howpublished={http://rubis.ow2.org/}
}

@misc{voltdb,
title={{VoltDB}},
howpublished={http://www.voltdb.com/}
}

@misc{retwis,
title={{Retwis}},
howpublished={http://retwis.antirez.com/}
}

@misc{yangrpc,
title={{Simple RPC in C++}},
howpublished={https://github.com/santazhang/simple-rpc}
}
@misc{kodiaktestbed,
title={{Kodiak testbeds}},
howpublished={http://portal.nmc-probe.org/}
}

@misc{tpcc,
title={{TPC-C Benchmark}},
howpublished={http://www.tpc.org/tpcc/}
}

@misc{awsdynamo,
  author={Amazon},
  title={{Cross-Region Replication Using DynamoDB Streams}},
  howpublished={\url{http://docs.aws.amazon.com/amazondynamodb/latest/developerguide/Streams.CrossRegionRepl.html}},
  year={2016}
}

@inproceedings{zhang04repstore,
  title={RepStore: a self-managing and self-tuning storage backend with smart bricks},
  author={Zhang, Zheng and Lin, Shiding and Lian, Qiao and Jin, Chao},
  booktitle={Proceedings of International Conference on Autonomic Computing},
  year={2004},
}


@inproceedings{borthakur2010hdfs,
  title={Hdfs raid},
  author={Borthakur, D and Schmidt, R and Vadali, R and Chen, S and Kling, P},
  booktitle={Hadoop user group meeting},
  year={2010}
}

@article{fikes2010storage,
  title={Storage architecture and challenges},
  author={Fikes, Andrew},
  journal={Talk at the Google Faculty Summit},
  year={2010}
}


@misc{bib:MAREA1,
  title = {Facebook and Microsoft to Build Fiber Optic Cable Across Atlantic},
  howpublished = {\url{http://www.wsj.com/articles/facebook-and-microsoft-to-build-fiber-optic-cable-across-atlantic-1464298853}},
  month={May},
  year={2016},
  publisher={Wall Street Journal}
};

@misc{bib:MAREA2,
  title = {Microsoft, Facebook to lay massive undersea cable},
  howpublished = {\url{http://www.usatoday.com/story/experience/2016/05/26/microsoft-facebook-undersea-cable-google-marea-amazon/84984882}},
  month={May},
  year={2016},
  publisher={USE Today},
}

@misc{bib:FA-1,
  title = {Fiber-Optic Link Around the Globe},
  howpublished = {\url{https://en.wikipedia.org/wiki/Fiber-Optic\_Link\_Around\_the\_Globe}},
  publisher={Wikipedia}
}

@article{mears1986low,
  title={Low-threshold tunable CW and Q-switched fibre laser operating at 1.55 $\mu$m},
  author={Mears, RJ and Reekie, L and Poole, SB and Payne, DN},
  journal={Electronics Letters},
  volume={3},
  number={22},
  pages={159--160},
  year={1986}
}

@article{zhu2011112,
  title={112-Tb/s space-division multiplexed DWDM transmission with 14-b/s/Hz aggregate spectral efficiency over a 76.8-km seven-core fiber},
  author={Zhu, B and Taunay, TF and Fishteyn, M and Liu, X and Chandrasekhar, S and Yan, MF and Fini, JM and Monberg, EM and Dimarcello, FV},
  journal={Optics Express},
  volume={19},
  number={17},
  pages={16665--16671},
  year={2011},
  publisher={Optical Society of America}
}


@article{gelles17oscars,
  title={Oscars Mistake Casts Unwanted Spotlight on {PwC}},
  author={Gelles, David and Maheshwari, Sapna},
  journal={The New York Times},
  month=Feb # " 27",
  year={2017}
}

@inproceedings{woos16planning,
  author = {Woos, Doug and Wilcox, James R. and Anton, Steve and Tatlock, Zachary and Ernst, Michael D. and Anderson, Thomas},
  title = {Planning for change in a formal verification of the {Raft} consensus protocol},
  booktitle = {Proceedings of the ACM SIGPLAN Conference on Certified Programs and Proofs (CPP)},
  year = 2016,
  month = jan,
} 

@inproceedings{manovit06testing,
  title={Testing implementations of transactional memory},
  author={Manovit, Chaiyasit and Hangal, Sudheendra and Chafi, Hassan and McDonald, Austen and Kozyrakis, Christos and Olukotun, Kunle},
  booktitle=pact,
  year=2006,
  month = sep,
}

@article{weatherspoon05long,
  title={Long-term data maintenance in wide-area storage systems: A quantitative approach},
  author={Weatherspoon, Hakim and Chun, Byung-Gon and So, Chiu Wah and Kubiatowicz, John},
  journal={Computer},
  year={2005}
}

@inproceedings{greenberg15sdn,
  title={SDN for the cloud},
  author={Greenberg, Albert},
  booktitle={Keynote in the 2015 ACM Conference on Special Interest Group on Data Communication},
  year={2015}
}

@misc{bib:azureregions,
  title = {Microsoft Azure Regions},
  howpublished = {\url{https://azure.microsoft.com/en-us/regions/}}
}

@misc{cockroachdb,
  title={{CockroachDB}},
  howpublished = {\url{http://www.cockroachlabs.com/}}
}
