
@inproceedings{castro99practical,
  title={Practical byzantine fault tolerance},
  author={Castro, Miguel and Liskov, Barbara and others},
  booktitle=osdi,
  year={1999},
  month = feb,
}

@inproceedings{waldspurger02memory,
  title={Memory resource management in VMware ESX server},
  author={Waldspurger, Carl A.},
  booktitle=osdi,
  year={2002},
  month = dec,
}

@inproceedings{adya02farsite,
  ids={farsite:osdi02},
  title={{FARSITE: Federated, available, and reliable storage for an incompletely trusted environment}},
  author={Adya, Atul and Bolosky, William J and Castro, Miguel and Cermak, Gerald and Chaiken, Ronnie and Douceur, John R and Howell, Jon and Lorch, Jacob R and Theimer, Marvin and Wattenhofer, Roger P},
  booktitle=osdi,
  year={2002},
  month = dec,
}

@inproceedings{renesse04chain,
  ids={chainreplication:osdi04},
  author = {van Renesse, Robbert and Schneider, Fred B.},
  title = {{Chain replication for supporting high throughput and availability}},
  booktitle = osdi,
  year = {2004},
  month = dec,
} 

@inproceedings{cowling06hq,
  title={HQ replication: A hybrid quorum protocol for byzantine fault tolerance},
  author={Cowling, James and Myers, Daniel and Liskov, Barbara and Rodrigues, Rodrigo and Shrira, Liuba},
  booktitle=osdi,
  year={2006},
  month = nov,
}

@inproceedings{chang06bigtable,
  ids = {bigtable:osdi06},
  author = "Fay Chang and Jeffrey Dean and Sanjay Ghemawat and Wilson C. Hsieh and Deborah A. Wallach and Mike Burrows and Tushar Chandra and Andrew Fikes and Robert E. Gruber",
  title = "Bigtable: A Distributed Storage System for Structured Data",
  booktitle = osdi,
  year = 2006,
  month = nov,
}

@inproceedings{weil06ceph,
  ids={ceph:osdi06},
  title={Ceph: A scalable, high-performance distributed file system},
  author={Weil, Sage A and Brandt, Scott A and Miller, Ethan L and Long, Darrell DE and Maltzahn, Carlos},
  booktitle=osdi,
  year={2006},
  month = nov,
}

@inproceedings{burrows06chubby,
  ids = {chubby:osdi06, burrows:osdi06:chubby},
  author = {Burrows, Michael},
  title = {The Chubby Lock Service for Loosely-Coupled Distributed Systems},
  booktitle = osdi,
  year = {2006},
  month = nov,
}

@inproceedings{mao08mencius,
  ids={mencius:osdi08},
  title={Mencius: building efficient replicated state machines for WANs},
  author={Mao, Yanhua and Junqueira, Flavio Paiva and Marzullo, Keith},
  booktitle=osdi,
  year={2008},
  month = dec,
}

@inproceedings{wang08gadara,
  title={Gadara: dynamic deadlock avoidance for multithreaded programs},
  author={Wang, Yin and Kelly, Terence and Kudlur, Manjunath and Lafortune, St{\'e}phane and Mahlke, Scott A},
  booktitle=osdi,
  year={2008},
  month = dec,
}

@inproceedings{peng12large,
  ids={percolator:osdi12},
  title={{Large-scale incremental processing using distributed transactions and notifications}},
  author={Peng, Daniel and Dabek, Frank},
  booktitle=osdi,
  year={2010},
  month = oct,
}

@inproceedings{ford10availability,
  title={Availability in globally distributed storage systems},
  author={Ford, Daniel and Labelle, Fran{\c{c}}ois and Popovici, Florentina I and Stokely, Murray and Truong, Van-Anh and Barroso, Luiz and Grimes, Carrie and Quinlan, Sean},
  booktitle=osdi,
  year={2010},
  month = oct,
}

@inproceedings{soares10flexsc,
  title={FlexSC: Flexible system call scheduling with exception-less system calls},
  author={Soares, Livio and Stumm, Michael},
  booktitle=osdi,
  year={2010},
  month=oct,
}

@inproceedings{nightingale12flat,
  title = {Flat datacenter storage.},
  author = {Nightingale, Edmund B and Elson, Jeremy and Fan, Jinliang and Hofmann, Owen S and Howell, Jon and Suzue, Yutaka},
  booktitle = osdi,
  year = {2012},
  month = oct,
}

@inproceedings{li12making,
  ids={redblue:osdi12},
  title={Making geo-replicated systems fast as possible, consistent when necessary},
  author={Li, Cheng and Porto, Daniel and Clement, Allen and Gehrke, Johannes and Pregui{\c{c}}a, Nuno and Rodrigues, Rodrigo},
  booktitle=osdi,
  year={2012},
  month = oct,
}

@inproceedings{corbett12spanner,
  ids={spanner:osdi12},
  title={Spanner: {Google}â€™s globally distributed database},
  author={Corbett, James C and Dean, Jeffrey and Epstein, Michael and Fikes, Andrew and Frost, Christopher and Furman, JJ and Ghemawat, Sanjay and Gubarev, Andrey and Heiser, Christopher and Hochschild, Peter and others},
  booktitle=osdi,
  year={2012},
  month = oct,
}

@inproceedings{belay12dune,
  title={Dune: safe user-level access to privileged CPU features},
  author={Belay, Adam and Bittau, Andrea and Mashtizadeh, Ali Jos{\'e} and Terei, David and Mazi{\`e}res, David and Kozyrakis, Christos},
  booktitle=osdi,
  year={2012},
  month = oct,
}

@inproceedings{peter16arrakis,
  title = {Arrakis: the operating system is the control plane},
  author = {Peter, Simon and Li, Jialin and Zhang, Irene and Ports, Dan RK and Woos, Doug and Krishnamurthy, Arvind and Anderson, Thomas and Roscoe, Timothy},
  booktitle = osdi,
  year = {2014},
  month = oct,
}

@inproceedings{mu14extracting,
  ids={rococo:osdi14},
  author = {Mu, Shuai and Cui, Yang and Zhang, Yang and Lloyd, Wyatt and Li, Jinyang},
  title = {Extracting more concurrency from distributed transactions},
  booktitle = osdi,
  year = {2014},
  month = oct,
} 

@inproceedings{xie14salt,
  ids={salt:osdi14},
  title={{Salt: Combining ACID and BASE in a distributed batabase}},
  author={Xie, Chao and Su, Chunzhi and Kapritsos, Manos and Wang, Yang and Yaghmazadeh, Navid and Alvisi, Lorenzo and Mahajan, Prince},
  booktitle=osdi,
  year = {2014},
  month = oct,
}

@inproceedings{muralidhar14f4,
  ids={f4:osdi14},
  title={{f4: Facebook's warm BLOB storage system}},
  author={Muralidhar, Subramanian and Lloyd, Wyatt and Roy, Sabyasachi and Hill, Cory and Lin, Ernest and Liu, Weiwen and Pan, Satadru and Shankar, Shiva and Sivakumar, Viswanath and Tang, Linpeng and others},
  booktitle=osdi,
  year={2014},
  month = oct,
}

@inproceedings{narula14phase,
  title={Phase reconciliation for contended in-memory transactions.},
  author={Narula, Neha and Cutler, Cody and Kohler, Eddie and Morris, Robert},
  booktitle=osdi,
  year={2014},
  month = oct,
}

@inproceedings{zheng14torturing,
  title={Torturing databases for fun and profit},
  author={Zheng, Mai and Tucek, Joseph and Huang, Dachuan and Qin, Feng and Lillibridge, Mark and Yang, Elizabeth S and Zhao, Bill W and Singh, Shashank},
  booktitle=osdi,
  year={2014},
  month = oct,
}

@inproceedings{mu16consolidating,
  ids={janus:osdi16},
  title={Consolidating Concurrency Control and Consensus for Commits under Conflicts},
  author={Mu, Shuai and Nelson, Lamont and Lloyd, Wyatt and Li, Jinyang},
  booktitle=osdi,
  year={2016},
  month = oct,
}

@inproceedings{lu16snow,
  title={{The SNOW theorem and latency-optimal read-only transactions}},
  author={Lu, Haonan and Hodsdon, Christopher and Ngo, Khiem and Mu, Shuai and Lloyd, Wyatt},
  booktitle=osdi,
  year={2016},
  month = oct,
}

@inproceedings{li16just,
  title={Just say NO to Paxos overhead: Replacing consensus with network ordering},
  author={Li, Jialin and Michael, Ellis and Sharma, Naveen Kr and Szekeres, Adriana and Ports, Dan RK},
  booktitle=osdi,
  year={2016},
  month = oct,
}

@inproceedings{gu16certikos,
  title={CertiKOS: an extensible architecture for building certified concurrent OS kernels},
  author={Gu, Ronghui and Shao, Zhong and Chen, Hao and Wu, Xiongnan Newman and Kim, Jieung and Sj{\"o}berg, Vilhelm and Costanzo, David},
  booktitle=osdi,
  year={2016},
  month = oct,
}

@inproceedings{sigurbjarnarson16push,
  title={Push-button verification of file systems via crash refinement},
  author={Sigurbjarnarson, Helgi and Bornholt, James and Torlak, Emina and Wang, Xi},
  booktitle=osdi,
  year={2016},
  month = oct,
}
