

@inproceedings{boehm05threads,
  title={Threads cannot be implemented as a library},
  author={Boehm, Hans-J.},
  booktitle=pldi,
  year={2005},
  month = jun,
}

@inproceedings{adl06compiler,
  author = {Adl-Tabatabai, Ali-Reza and Lewis, Brian T. and Menon, Vijay and Murphy, Brian R. and Saha, Bratin and Shpeisman, Tatiana},
  title = {Compiler and runtime support for efficient software transactional memory},
  booktitle = pldi,
  year = {2006},
  month = jun, 
} 

@inproceedings{yang11finding,
  title={Finding and understanding bugs in {C} compilers},
  author={Yang, Xuejun and Chen, Yang and Eide, Eric and Regehr, John},
  booktitle=pldi,
  year={2011},
  month = jun,
}
@inproceedings{golan13concurrent,
  title={Concurrent libraries with foresight},
  author={Golan-Gueta, Guy and Ramalingam, G and Sagiv, Mooly and Yahav, Eran},
  booktitle=pldi,
  year={2013},
  month = jun,
}

@inproceedings{dimitrov14commutativity,
  title={Commutativity race detection},
  author={Dimitrov, Dimitar and Raychev, Veselin and Vechev, Martin and Koskinen, Eric},
  booktitle=pldi,
  year={2014},
  month = jun,
}
@inproceedings{wilcox15verdi,
  title={Verdi: a framework for implementing and formally verifying distributed systems},
  author={Wilcox, James R and Woos, Doug and Panchekha, Pavel and Tatlock, Zachary and Wang, Xi and Ernst, Michael D and Anderson, Thomas},
  booktitle=pldi,
  year={2015},
  month = jun,
}

@inproceedings{ziv15composing,
  title={Composing concurrency control},
  author={Ziv, Ofri and Aiken, Alex and Golan-Gueta, Guy and Ramalingam, G and Sagiv, Mooly},
  booktitle=pldi,
  year={2015},
  month = jun,
}

@inproceedings{spiegelman16transactional,
  title={Transactional data structure libraries},
  author={Spiegelman, Alexander and Golan-Gueta, Guy and Keidar, Idit},
  booktitle=pldi,
  year={2016},
  month = jun, 
}
@inproceedings{padon16ivy,
 author = {Padon, Oded and McMillan, Kenneth L. and Panda, Aurojit and Sagiv, Mooly and Shoham, Sharon},
 title = {Ivy: safety verification by interactive generalization},
 booktitle = pldi,
 year = {2016},
 month= jun,
} 
