
@inproceedings{oki88viewstamped,
  ids={viewstampedreplication:podc88i},
  title={Viewstamped replication: A new primary copy method to support highly-available distributed systems},
  author={Oki, Brian M and Liskov, Barbara H},
  booktitle=podc,
  year={1988},
  month = jun,
}

@inproceedings{camargos07multicoordinated,
  ids={multicoordinatedpaxos:podc07},
  title={{Multicoordinated Paxos}},
  author={Camargos, L{\'a}saro Jonas and Schmidt, Rodrigo Malta and Pedone, Fernando},
  booktitle=podc,
  year={2007},
  month = aug,
}

@inproceedings{chandra07paxos,
  ids={paxosmadelive:podc07},
  author = {Chandra, Tushar Deepak and Griesemer, Robert and Redstone, Joshua},
  title = {Paxos made live: an engineering perspective},
  booktitle = podc,
  year = {2007},
  month = aug,
}

@inproceedings{golab11analyzing,
  title={Analyzing consistency properties for fun and profit},
  author={Golab, Wojciech and Li, Xiaozhou and Shah, Mehul A},
  booktitle = podc,
  year={2011},
  month = jun,
}

@inproceedings{conrejo12asynchronous,
  title={Asynchronous failure detectors},
  author={Conrejo, Alejandro and Lynch, Nancy and Sastry, Srikanth},
  booktitle=podc,
  year={2012},
  month = jul,
}

@inproceedings{bushkov12on,
  author = {Bushkov, Victor and Guerraoui, Rachid and Kapa{\l}ka, Micha{\l}},
  title = {On the liveness of transactional memory},
  booktitle = podc,
  year = {2012},
  month = jul,
} 

@inproceedings{arbel14concurrent,
 author = {Arbel, Maya and Attiya, Hagit},
 title = {Concurrent updates with {RCU}: search tree as an example},
 booktitle = podc,
 year = {2014},
 month = jul,
} 

@inproceedings{chandra16algorithm,
  title={An Algorithm for Replicated Objects with Efficient Reads},
  author={Chandra, Tushar D and Hadzilacos, Vassos and Toueg, Sam},
  booktitle=podc,
  year={2016},
  month = jul,
}
