
@inproceedings{kallman08hstore,
  ids={hstore:vldb08i},
  title={H-store: a high-performance, distributed main memory transaction processing system},
  author={Kallman, Robert and Kimura, Hideaki and Natkins, Jonathan and Pavlo, Andrew and Rasin, Alexander and Zdonik, Stanley and Jones, Evan PC and Madden, Samuel and Stonebraker, Michael and Zhang, Yang and others},
  journal=pvldb,
  year={2008},
  month = aug,
  volume={1},
  number={2},
}

@article{brian08pnuts,
  ids={pnuts:vldb08},
  title={{PNUTS: Yahoo!'s hosted data serving platform}},
  author={Cooper, Brian F and Ramakrishnan, Raghu and Srivastava, Utkarsh and Silberstein, Adam and Bohannon, Philip and Jacobsen, Hans-Arno and Puz, Nick and Weaver, Daniel and Yerneni, Ramana},
  journal=pvldb,
  year={2008},
  month = aug,
  volume={1},
  number={2},
}

@article{thomson10case,
  title={The case for determinism in database systems},
  author={Thomson, Alexander and Abadi, Daniel J},
  journal=pvldb,
  year={2010},
  month = sep,
  volume={3},
  number={1-2},
}

@article{ren12lightweight,
 author = {Ren, Kun and Thomson, Alexander and Abadi, Daniel J.},
 title = {Lightweight locking for main memory database systems},
 journal = pvldb,
 volume = {6},
 number = {2},
 month = dec,
 year = {2012},
} 

@article{mahmoud13low,
  ids={replicatedcommit:vldb13},
  title={Low-latency multi-datacenter databases using replicated commit},
  author={Mahmoud, Hatem and Nawab, Faisal and Pucher, Alexander and Agrawal, Divyakant and El Abbadi, Amr},
  journal=pvldb,
  volume={6},
  number={9},
  year={2013},
  month = jul,
}

@article{sathiamoorthy13xoring,
  ids={xoring:vldb2013},
  title={Xoring elephants: Novel erasure codes for big data},
  author={Sathiamoorthy, Maheswaran and Asteris, Megasthenis and Papailiopoulos, Dimitris and Dimakis, Alexandros G and Vadali, Ramkumar and Chen, Scott and Borthakur, Dhruba},
  journal=pvldb,
  volume={6},
  number={5},
  year={2013},
  month = mar,
}


@article{bailis13highly,
  author = {Bailis, Peter and Davidson, Aaron and Fekete, Alan and Ghodsi, Ali and Hellerstein, Joseph M. and Stoica, Ion},
  title = {Highly available transactions: virtues and limitations},
  journal = pvldb,
  volume = {7},
  number = {3},
  year = {2013},
  month = nov,
} 

@article{bailis14coordination,
  author = {Bailis, Peter and Fekete, Alan and Franklin, Michael J. and Ghodsi, Ali and Hellerstein, Joseph M. and Stoica, Ion},
  title = {Coordination avoidance in database systems},
  journal = pvldb,
  volume = {8},
  number = {3},
  month = nov,
  year = {2014},
} 

@article{faleiro15rethinking,
  author = {Faleiro, Jose M. and Abadi, Daniel J.},
  title = {Rethinking serializable multiversion concurrency control},
  journal = pvldb,
  volume = {8},
  number = {11},
  month = jul,
  year = {2015},
} 

@article{wu17empirical,
  title={An empirical evaluation of in-memory multi-version concurrency control},
  author={Wu, Yingjun and Arulraj, Joy and Lin, Jiexi and Xian, Ran and Pavlo, Andrew},
  journal = pvldb,
  year={2017},
  volume = {10},
  number = {7},
  month = mar,
}
