@inproceedings{skeen81nonblocking,
  author = {Skeen, Dale},
  title = {Nonblocking commit protocols},
  booktitle = sigmod,
  year = {1981},
  month = apr,
} 

@inproceedings{garcia87sagas,
  ids={sagas:sigmod87},
  author = {Garcia-Molina, Hector and Salem, Kenneth},
  title = {Sagas},
  booktitle = sigmod,
  year = {1987},
  month = may,
} 

@inproceedings{patterson88case,
  ids={raid:sigmod88},
  title={A case for redundant arrays of inexpensive disks (RAID)},
  author={Patterson, D.A. and Gibson, G. and Katz, R.H.},
  booktitle=sigmod,
  year={1988},
  month = jun,
}

@inproceedings{shasha92simple,
  ids={chopping:sigmod92},
  title={{Simple rational guidance for chopping up transactions}},
  author={Shasha, Dennis and Simon, Eric and Valduriez, Patrick},
  booktitle=sigmod,
  year={1992},
  month = jun,
}
@inproceedings{berenson95critique,
  ids={isolationlevel:sigmod95},
  author = {Berenson, Hal and Bernstein, Phil and Gray, Jim and Melton, Jim and O'Neil, Elizabeth and O'Neil, Patrick},
  title = {A Critique of ANSI SQL Isolation Levels},
  booktitle = sigmod,
  year = {1995},
  month = may,
} 

@inproceedings{adya95efficient,
  ids={clocc:sigmod95},
  author = {Adya, Atul and Gruber, Robert and Liskov, Barbara and Maheshwari, Umesh},
  title = {Efficient Optimistic Concurrency Control Using Loosely Synchronized Clocks},
  booktitle = sigmod,
  year = {1995},
  month = may,
}

@inproceedings{harizopoulos08oltp,
  ids={shore:sigmod08},
  title={{OLTP through the looking glass, and what we found there}},
  author={Harizopoulos, Stavros and Abadi, Daniel J and Madden, Samuel and Stonebraker, Michael},
  booktitle=sigmod,
  year={2008},
  month = jun,
}

@inproceedings{cahill09serializable,
  title={Serializable isolation for snapshot databases},
  author={Cahill, Michael J and R{\"o}hm, Uwe and Fekete, Alan D},
  booktitle=sigmod,
  year={2008},
  month = jun,
}

@inproceedings{jones10low,
  ids={hstore:sigmod10},
  title={{Low overhead concurrency control for partitioned main memory databases}},
  author={Jones, Evan PC and Abadi, Daniel J and Madden, Samuel},
  booktitle=sigmod,
  year={2010},
  month = jun,
}

@inproceedings{thomson12calvin,
  ids={calvin:sigmod12},
  title={Calvin: fast distributed transactions for partitioned database systems},
  author={Thomson, Alexander and Diamond, Thaddeus and Weng, Shu-Chun and Ren, Kun and Shao, Philip and Abadi, Daniel J},
  booktitle=sigmod,
  year={2012},
  month = jun,
}

@inproceedings{faleiro14lazy,
  title={Lazy evaluation of transactions in database systems},
  author={Faleiro, Jose M and Thomson, Alexander and Abadi, Daniel J},
  booktitle=sigmod,
  year={2014},
  month = jun,
}

@inproceedings{neumann15fast,
  author = {Neumann, Thomas and M\"{u}hlbauer, Tobias and Kemper, Alfons},
  title = {Fast serializable multi-version concurrency control for main-memory database systems},
  booktitle = sigmod,
  year = {2015},
  month = jun,
} 

@inproceedings{arulraj15lets,
  title={Let's talk about storage \& recovery methods for non-volatile memory database systems},
  author={Arulraj, Joy and Pavlo, Andrew and Dulloor, Subramanya R},
  booktitle=sigmod,
  year={2015},
  month = jun,
}

@inproceedings{bailis15feral,
  title={Feral concurrency control: An empirical investigation of modern application integrity},
  author={Bailis, Peter and Fekete, Alan and Franklin, Michael J and Ghodsi, Ali and Hellerstein, Joseph M and Stoica, Ion},
  booktitle=sigmod,
  year={2015},
  month = jun,
}

@inproceedings{loesing15design,
  title={On the design and scalability of distributed shared-data databases},
  author={Loesing, Simon and Pilman, Markus and Etter, Thomas and Kossmann, Donald},
  booktitle=sigmod,
  year={2015},
  month = jun,
}

@inproceedings{wang16scaling,
  ids={ic3:sigmod16},
  title={Scaling multicore databases via constrained parallel execution},
  author={Wang, Zhaoguo and Mu, Shuai and Cui, Yang and Yi, Han and Chen, Haibo and Li, Jinyang},
  year={2016},
  booktitle=sigmod,
  month = jun,
}

@inproceedings{ramakrishnan17azure,
 author = {Ramakrishnan, Raghu and Sridharan, Baskar and Douceur, John R. and Kasturi, Pavan and Krishnamachari-Sampath, Balaji and Krishnamoorthy, Karthick and Li, Peng and Manu, Mitica and Michaylov, Spiro and Ramos, Rog{\'e}rio and Sharman, Neil and Xu, Zee and Barakat, Youssef and Douglas, Chris and Draves, Richard and Naidu, Shrikant S. and Shastry, Shankar and Sikaria, Atul and Sun, Simon and Venkatesan, Ramarathnam},
 title = {Azure data lake store: a hyperscale distributed file service for big data analytics},
 booktitle = sigmod,
 year = {2017},
 month = may,
} 

