@inproceedings{lampson83hints,
  author = {Lampson, Butler W.},
  title = {Hints for computer system design},
  booktitle = sosp,
  year = {1983},
  month =  oct,
}

@inproceedings{birman87exploiting,
  ids={isis:sosp87},
  author    = {Kenneth P. Birman and
               Thomas A. Joseph},
  title     = {Exploiting virtual synchrony in distributed systems},
  booktitle = sosp,
  year      = {1987},
  month = nov
}

@inproceedings{liedtke93improving,
  title={Improving IPC by kernel design},
  author={Liedtke, Jochen},
  booktitle = sosp,
  year = {1993},
  month = dec,
}

@inproceedings{cheriton93understanding,
  ids={catocs:sosp93},
  title={Understanding the limitations of causally and totally ordered communication},
  author ={Cheriton, David R and Skeen, Dale},
  booktitle = sosp,
  year = {1993},
  month = dec,
}

@inproceedings{wahbe93efficient,
  title = {Efficient software-based fault isolation},
  author = {Wahbe, Robert and Lucco, Steven and Anderson, Thomas E and Graham, Susan L},
  booktitle = sosp,
  year = {1993},
  month = dec,
}

@inproceedings{engler95exokernel,
  title={Exokernel: An operating system architecture for application-level resource management},
  author={Engler, Dawson R. and Kaashoek, M. Frans and O'Toole Jr., James},
  booktitle=sosp,
  year={1995},
  month = dec,
}

@inproceedings{kaashoek97application,
  title={Application performance and flexibility on exokernel systems},
  author={Kaashoek, M. Frans and Engler, Dawson R and Ganger, Gregory R. and Briceno, H{\'e}ctor M and Hunt, Russell and Mazi\`{e}res, David and Pinckney, Thomas and Grimm, Robert and Jannotti, John and Mackenzie, Kenneth},
  booktitle=sosp,
  year={1997},
  month=oct,
}

@inproceedings{ghemawat03google,
  ids = {gfs:sosp03, ghemawat:sosp03:google},
  author = {Ghemawat, Sanjay and Gobioff, Howard and Leung, Shun-Tak},
  title = {The Google file system},
  booktitle = sosp,
  year = {2003},
  month = oct
}

@inproceedings{qin05rx,
  title={Rx: treating bugs as allergies---a safe method to survive software failures},
  author={Qin, Feng and Tucek, Joseph and Sundaresan, Jagadeesan and Zhou, Yuanyuan},
  booktitle=sosp,
  year={2005},
  month = oct,
}

@inproceedings{decandia07dynamo,
  ids={dynamo:sosp07},
  author = {DeCandia, Giuseppe and Hastorun, Deniz and Jampani, Madan and Kakulapati, Gunavardhan and Lakshman, Avinash and Pilchin, Alex and Sivasubramanian, Swaminathan and Vosshall, Peter and Vogels, Werner},
  title = {Dynamo: Amazon's highly available key-value store},
  booktitle = sosp,
  year = {2007}, 
  month = oct,
} 

@inproceedings{kotla07zyzzyva,
  ids={zyzzyva:sosp07},
  title={Zyzzyva: speculative byzantine fault tolerance},
  author={Kotla, Ramakrishna and Alvisi, Lorenzo and Dahlin, Mike and Clement, Allen and Wong, Edmund},
  booktitle=sosp,
  year={2007},
  month = oct,
}

@inproceedings{aguilera07sinfonia,
  ids={sinfonia:sosp07},
  title={{Sinfonia: a new paradigm for building scalable distributed systems}},
  author={Aguilera, Marcos K and Merchant, Arif and Shah, Mehul and Veitch, Alistair and Karamanolis, Christos},
  booktitle=sosp,
  year={2007},
  month = oct,
}

@inproceedings{clement09upright,
  title={Upright cluster services},
  author={Clement, Allen and Kapritsos, Manos and Lee, Sangmin and Wang, Yang and Alvisi, Lorenzo and Dahlin, Mike and Riche, Taylor},
  booktitle=sosp,
  year={2009},
  month=oct,
}

@inproceedings{calder11windows,
  ids={azure:sosp11},
  title={Windows Azure Storage: a highly available cloud storage service with strong consistency},
  author={Calder, Brad and Wang, Ju and Ogus, Aaron and Nilakantan, Niranjan and Skjolsvold, Arild and McKelvie, Sam and Xu, Yikang and Srivastav, Shashwat and Wu, Jiesheng and Simitci, Huseyin and others},
  booktitle=sosp,
  year={2011},
  month = oct,
}

@inproceedings{glendenning11scalable,
  title={Scalable consistency in {Scatter}},
  author={Glendenning, Lisa and Beschastnikh, Ivan and Krishnamurthy, Arvind and Anderson, Thomas},
  booktitle=sosp,
  year={2011},
  month = oct,
}

@inproceedings{lloyd11dont,
  ids={cops:sosp2011},
  title={{Don't settle for eventual: scalable causal consistency for wide-area storage with COPS}},
  author={Lloyd, Wyatt and Freedman, Michael J and Kaminsky, Michael and Andersen, David G},
  booktitle=sosp,
  year={2011},
  month = oct,
}

@inproceedings{sovran11transactional,
  ids={walter:sosp11},
  title={{Transactional storage for geo-replicated systems}},
  author={Sovran, Yair and Power, Russell and Aguilera, Marcos K and Li, Jinyang},
  booktitle=sosp,
  year={2011},
  month = oct,
}

@inproceedings{leners11detecting,
  title={Detecting failures in distributed systems with the falcon spy network},
  author={Leners, Joshua B and Wu, Hao and Hung, Wei-Lun and Aguilera, Marcos K and Walfish, Michael},
  booktitle=sosp,
  year={2011},
  month = oct,
}

@inproceedings{tu13speedy,
  ids={silo:sosp13},
  author = {Tu, Stephen and Zheng, Wenting and Kohler, Eddie and Liskov, Barbara and Madden, Samuel},
  title = {Speedy transactions in multicore in-memory databases},
  booktitle = sosp,
  year = {2013},
  month = nov,
} 

@inproceedings{zhang13transaction,
  ids={lynx:sosp13},
  title={Transaction chains: achieving serializability with low latency in geo-distributed storage systems},
  author={Zhang, Yang and Power, Russell and Zhou, Siyuan and Sovran, Yair and Aguilera, Marcos K and Li, Jinyang},
  booktitle=sosp,
  year={2013},
  month = nov,
}

@inproceedings{moraru13there,
  ids={epaxos:sosp13},
  title={There is more consensus in egalitarian parliaments},
  author={Moraru, Iulian and Andersen, David G and Kaminsky, Michael},
  booktitle=sosp,
  year={2013},
  month = nov,
}

@inproceedings{clements13scalable,
  ids={commuter:sosp13},
  title={The scalable commutativity rule: Designing scalable software for multicore processors},
  author={Clements, Austin T and Kaashoek, M Frans and Zeldovich, Nickolai and Morris, Robert T and Kohler, Eddie},
  year={2013},
  booktitle=sosp,
  month = nov,
}

@inproceedings{david13everything,
  title={Everything you always wanted to know about synchronization but were afraid to ask},
  author={David, Tudor and Guerraoui, Rachid and Trigonakis, Vasileios},
  booktitle=sosp,
  year={2013},
  month = nov,
}

@inproceedings{wang13towards,
  title={Towards optimization-safe systems: analyzing the impact of undefined behavior},
  author={Wang, Xi and Zeldovich, Nickolai and Kaashoek, M Frans and Solar-Lezama, Armando},
  booktitle = sosp,
  year={2013},
  month = nov,
}

@inproceedings{amit15virtual,
  title={Virtual {CPU} validation},
  author={Amit, Nadav and Tsafrir, Dan and Schuster, Assaf and Ayoub, Ahmad and Shlomo, Eran},
  booktitle=sosp,
  year={2015},
  month = oct,
}

@inproceedings{xie15high,
  ids={callas:sosp15},
  title={High-performance ACID via modular concurrency control},
  author={Chao Xie and Su, Chunzhi and Cody Littley and Lorenzo Alvisi and Manos Kapritsos	and Yang Wang},
  booktitle=sosp,
  year = {2015},
  month = oct,
}

@inproceedings{zhang15building,
  ids={tapir:sosp15},
  title="Building consistent transactions with inconsistent replication",
  author="Irene Zhang and Naveen Kr. Sharma and Adriana Szekeres and Arvind Krishnamurthy	and Dan R. K. Ports",
  booktitle=sosp,
  year=2015,
  month = oct,
}

@inproceedings{hawblitzel15ironfleet,
  ids={ironfleet:sosp15},
  title={IronFleet: proving practical distributed systems correct},
  author={Hawblitzel, Chris and Howell, Jon and Kapritsos, Manos and Lorch, Jacob R and Parno, Bryan and Roberts, Michael L and Setty, Srinath and Zill, Brian},
  booktitle=sosp,
  year={2015},
  month = oct,
}

@inproceedings{chen15using,
  title={Using Crash Hoare logic for certifying the {FSCQ} file system},
  author={Chen, Haogang and Ziegler, Daniel and Chajed, Tej and Chlipala, Adam and Kaashoek, M Frans and Zeldovich, Nickolai},
  booktitle=sosp,
  year={2015},
  month = oct,
}

@inproceedings{matveev15read,
  author = {Matveev, Alexander and Shavit, Nir and Felber, Pascal and Marlier, Patrick},
  title = {Read-log-update: a lightweight synchronization mechanism for concurrent programming},
  booktitle = sosp,
  year = {2015},
  month = oct,
} 

@inproceedings{aguilera15yesquel,
  author = {Aguilera, Marcos K. and Leners, Joshua B. and Walfish, Michael},
  title = {Yesquel: scalable sql storage for web applications},
  booktitle = sosp,
  year = {2015},
  month = oct,
} 

@inproceedings{dragojevic15no,
  title={No compromises: distributed transactions with consistency, availability, and performance},
  author={Dragojevi{\'c}, Aleksandar and Narayanan, Dushyanth and Nightingale, Edmund B and Renzelmann, Matthew and Shamis, Alex and Badam, Anirudh and Castro, Miguel},
  booktitle = sosp,
  year={2015},
  month = oct,
}

@inproceedings{lee15implementing,
  title={Implementing linearizability at large scale and low latency},
  author={Lee, Collin and Park, Seo Jin and Kejriwal, Ankita and Matsushita, Satoshi and Ousterhout, John},
  booktitle=sosp,
  year={2015},
  month = oct,
}

@inproceedings{wei15fast,
  title={Fast in-memory transaction processing using RDMA and HTM},
  author={Wei, Xingda and Shi, Jiaxin and Chen, Yanzhe and Chen, Rong and Chen, Haibo},
  booktitle=sosp,
  year={2015},
  month = oct,
}
