% @Comment % best conferences
@string{focs="Proceedings of IEEE Symposium on Foundations of Computer Science (FOCS)"}
@string{stoc="Proceedings of ACM Symposium on Theory of Computing (STOC)"}
% good conferences
@string{soda="Proceedings of ACM-SIAM Symposium on Discrete Algorithms (SODA)"}
@string{sosp="Proceedings of ACM Symposium on Operating Systems Principles (SOSP)"}
@string{osdi="Proceedings of USENIX Symposium on Operating Systems Design and Implementation (OSDI)"}
@string{sigcomm="Proceedings of ACM Conference on Applications, Technologies, Architectures, and Protocols for Computer Communication (SIGCOMM)"}
% less good conferences
@string{nsdi="Proceedings of USENIX Conference on Networked Systems Design and Implementation (NSDI)"}
@string{podc="Proceedings of ACM Symposium on Principles of Distributed Computing (PODC)"}
@string{disc="Proceedings of International Symposium on Distributed Computing (DISC)"}
@string{vldb="Proceedings of International Conference on Very Large Data Bases (VLDB)"}
@string{sigmod="Proceedings of ACM International Conference on Management of Data (SIGMOD)"}
@string{ccs="Proceedings of ACM Conference on Computer and Communications Security (CCS)"}
@string{security="Proceedings of USENIX Security Symposium (Security)"}
@string{isca="Proceedings of International Symposium on Computer Architecture (ISCA)"}
@string{pldi="Proceedings of ACM SIGPLAN Conference on Programming Language Design and Implementation (PLDI)"}
@string{popl="Proceedings of ACM SIGPLAN Symposium on Principles of Programming Languages (POPL)"}
@string{asplos="Proceedings of ACM International Conference on Architectural Support for Programming Languages and Operating Systems (ASPLOS)"}
@string{spaa="Proceedings of ACM Symposium on Parallellism in Algorithms and Architectures (SPAA)"}
@string{oopsla="Proceedings of ACM Conference on Object-Oriented Programming, Systems, Languages, and Applications (OOPSLA)"}
@string{eurosys="Proceedings of ACM European Conference on Computer Systems (EuroSys)"}
@string{ppopp="Proceedings of ACM SIGPLAN Symposium on Principles and Practice of Parallel Programming (PPoPP)"}
@string{ols="Proceedings of the Linux Symposium (OLS)"}
@string{atc="Proceedings of USENIX Conference on Annual Technical Conference (ATC)"}
@string{cidr="Proceedings of Biennial Conference on Innovative Data Systems Research (CIDR)"}
@string{fast="Proceedings of USENIX Conference on File and Storage Technologies (FAST)"}
% even less good conferences
@string{sc="Proceedings of International Conference for High Performance Computing, Networking, Storage and Analysis (SC)"}
@string{ecoop="Proceedings of European Conference on Object-Oriented Programming (ECOOP)"}
@string{socc="Proceedings of ACM Symposium on Cloud Computing (SoCC)"}
@string{infocom="Proceedings of IEEE International Conference on Computer Communications (INFOCOM)"}
@string{hpdc="Proceedings of ACM Symposium on High-Performance Parallel and Distributed Computing (HPDC)"}
@string{dsn="Proceedings of IEEE/IFIP International Conference on Dependable Systems and Networks (DSN)"}
@string{pact="Proceedings of International Conference on Parallel Architectures and Compilation Techniques"}

% workshops
@string{hotos="Proceedings of USENIX Workshop on Hot Topics in Operating Systems (HotOS)"}
@string{iptps="Proceedings of International Workshop on Peer-to-Peer Systems (IPTPS)"}
@string{transact="Proceedings of ACM SIGPLAN Workshop on Transactional Computing (TRANSACT)"}
@string{hpts="International Workshop on High Performance Transaction Systems (HPTS)"}

% good journals
@string{tocs="ACM Transactions on Computer Systems (TOCS)"}
@string{tods="ACM Transactions on Database Systems (TODS)"}
@string{toplas="ACM Transactions on Programming Languages and Systems (TOPLAS)"}
@string{csur="ACM Computring Surveys (CSUR)"}
@string{osr="ACM SIGOPS Operating Systems Review (OSR)"}
@string{ccr="ACM SIGCOMM Computer Communication Review (CCR)"}
@string{sicomp="SIAM Journal on Computing (SICOMP)"} 

% @Comment less good journals
@string{pvldb="The Proceedings of the VLDB Endowment (PVLDB)"}
@string{vldbj="The International Journal on Very Large Data Bases (VLDBJ)"}
@string{tkde="IEEE Transactions on Knowledge and Data Engineering (TKDE)"}
@string{tc="IEEE Transactions on Computers (TC)"}
@string{dc="Distributed Computing (DC)"}

% newsletter
@string{sigact="ACM SIGACT News"}
@string{cacm="Communications of the ACM"}
@string{jacm="Journal of the ACM"}
