@inproceedings{gold85private,
  title={The private workspace model feasibility and applications to 2PL performance improvements},
  author={Gold, Israel and Shmueli, Oded and Hofri, Micha},
  booktitle=vldb,
  year={1985},
  month = aug,
}

@inproceedings{lampson1993new,
  title={A new presumed commit optimization for two phase commit},
  author={Lampson, Butler and Lomet, David},
  booktitle=vldb,
  year={1993},
  month = aug,
}

@inproceedings{stonebraker07end,
  ids={hstore:vldb07},
  title={{The end of an architectural era:(it's time for a complete rewrite)}},
  author={Stonebraker, Michael and Madden, Samuel and Abadi, Daniel J and Harizopoulos, Stavros and Hachem, Nabil and Helland, Pat},
  booktitle=vldb,
  year={2007},
  month = sep,
}

